1319 2048
458 93 617 128 QAnatome
629 91 802 128 Plancarum.

1118 107 1148 138 ¹9

169 153 292 179 involucro
299 155 322 187 C,
329 156 352 179 in
359 161 406 189 quo
413 156 497 188 exigua:
505 154 634 188 aperiuntur
643 153 746 186 tracheae‚
759 161 832 179 novus
837 155 1012 181 circumducitur
1022 157 1064 180 cir—

169 191 241 223 culus,
258 194 282 217 &
289 191 351 226 quasi
359 191 461 226 ligneum
468 191 614 215 involucrum
619 192 650 223 D,
656 192 723 216 latius
730 193 808 225 priori,
815 192 877 226 quod
884 191 994 217 fibrarum
1001 193 1064 218 fascia

141 246 143 249 -
168 228 224 253 culis
239 226 393 262 componitur,
407 230 430 253 in
438 226 518 262 quibus
532 227 674 252 trachearum
682 237 722 253 ora
729 230 748 252 E
760 229 836 253 versus
843 230 947 254 interiora
961 232 1064 264 aperiun-

168 273 204 290 tur
211 281 218 299 3
234 265 348 289 nonnullis
355 267 426 290 etiam
432 265 541 295 minimis,
549 264 643 289 exterius
649 264 824 299 emergentiBuS,
840 265 943 290 medulla
951 267 970 290 F
983 268 1064 292 utricu-

168 301 195 326 lis
200 301 311 333 constans,
320 301 394 327 latam
401 301 551 336 appendicem
564 302 584 325 G
591 310 653 327 extra
660 302 770 326 corticem
776 301 851 334 habet,
865 310 913 336 quae
926 306 1063 338 erumpentis

167 341 226 364 rami
235 348 325 365 exortus
333 339 372 365 est.
405 338 525 374 Appendix
535 338 688 363 meridionalis
695 339 726 363 H
734 340 810 364 minor
817 334 904 364 reddita
913 339 1049 374 vconspicitur
1056 358 1063 374 ,-

167 376 290 409 orientalis,
297 377 349 402 licet
356 377 447 408 arctior,
460 374 532 401 adhuc
543 375 672 410 elongatur.

201 413 305 439 Succedit
318 414 415 439 duorum
430 421 544 438 annorum
557 422 610 438 curn
625 413 721 438 dimidio
734 412 873 448 segmentum
881 411 927 439 fere
940 415 1063 440 rotundum

168 460 207 485 35,
215 450 280 485 hujus
287 460 363 478 cortex
371 451 408 477 {ex
420 449 529 476 fibrarum
542 450 657 476 ordinibus
665 453 690 483 A,
705 454 729 476 Bt.
738 451 878 487 quandoque
891 451 992 486 pluribus
1000 461 1063 477 com-

165 490 268 523 ponitur3
278 490 374 524 geminis
381 488 543 523 antiquioribus
550 488 674 514 involucris
684 488 705 513 ΞΒ
713 488 729 512 C
739 497 828 514 novum
837 490 963 515 extenditur
977 489 1063 515 addita-

165 534 269 551 mentum
276 528 307 559 D,
320 528 343 551 in
350 528 412 560 cujus
423 525 501 560 ligneis
515 524 622 551 fasciculis
637 525 780 551 trachearum
790 525 884 561 insignes
903 526 976 551 hiatus
983 529 1003 552 E
1009 536 1063 561 ape-

164 564 264 597 riuntur;
281 563 382 589 medulla
388 564 435 588 F&
444 562 489 597 ipsa
497 562 569 588 adhuc
576 562 711 597 appendices
718 562 800 596 strvat,
812 573 910 598 quarum
918 563 1063 589 occidentalis

166 601 185 624 G
194 602 310 635 procerior
316 600 356 633 est,
362 600 516 632 meridionalis
523 608 601 625 tamen
610 601 640 625 H
643 601 725 632 minor,
730 609 780 635 pars
786 602 842 626 vero
849 599 951 635 oppofita
957 602 969 625 1
973 600 1062 635 gemina

164 646 298 672 erumpente
309 637 432 672 appendice
440 637 579 672 protuberat.

168 697 170 699 ,
197 674 338 701 Postremum
345 673 485 709 segmentum
492 676 516 699 in
522 673 606 699 eodem
613 683 679 699 ramo
683 675 807 699 excitatum
813 683 924 699 annorum
932 675 1001 699 trium
1008 683 1062 698 curn

162 710 259 736 dimidio
268 712 298 746 3'6
307 712 405 736 eandem
411 709 483 736 servat
490 710 719 745 circumstriPtionem
727 721 733 735 ι
743 713 797 745 Ejus
805 719 881 736 cortex
888 713 942 735 06ὶο
947 710 1062 736 fibrarum

163 747 285 780 ordinibus,
297 751 322 773 δι,
338 749 408 774 eriam
424 747 525 783 pluribus
533 747 664 782 interpositis
680 748 781 773 utriculis
789 748 880 773 constat.
915 749 982 782 Ligni
992 748 1063 782 cylin-

162 784 215 809 drus
221 794 319 820 quatuor
325 785 446 810 involucris
451 784 494 809 sest
511 784 663 809 ambientibus
670 785 757 809 co'nstat
766 787 785 810 A
792 786 812 809 B
820 786 836 810 C
842 787 877 819 D3
894 785 1010 819 postremo
1024 784 1062 809 ad-

161 817 220 846 ditus
227 822 319 847 circulus
326 822 433 856 ampliori
442 821 530 846 constat
536 821 635 853 craffide,
643 824 668 846 &
676 821 740 855 hujus
752 822 894 847 trachearum
901 830 941 846 ora
950 824 969 847 E
976 830 1020 855 prae
1030 832 1063 851 ες-

161 860 213 883 teris
221 859 335 894 ampliora
340 859 395 884 sunt.
417 867 420 870 ’
429 860 487 883 Inter
494 859 580 892 ligneos
588 856 703 883 fasciculos
710 867 829 884 occurrunt
836 858 985 883 utriculorum
993 859 1064 884 trans-

161 894 285 921 versalium
292 895 380 920 ordines
387 896 412 927 F,
424 896 463 929 qui
475 903 523 919 non
531 894 640 929 perpetuo
656 896 758 919 continui
771 895 819 919 sunt
832 896 845 920 a
852 896 935 920 cortice
949 896 972 919 in
978 895 1065 920 medul-

161 928 219 964 lam,
226 931 262 957 sed
269 933 323 957 novi
338 931 479 957 suboriuntur
488 931 577 957 ordines
587 940 593 955 ε
612 933 671 956 Inter
684 930 795 957 fibrarum
803 929 924 964 fasciculos,
931 932 1064 968 appendices

161 971 182 994 G
194 965 299 1005 quaedam
310 965 464 1002 observantur,
478 977 529 1003 quae
538 969 691 994 utriculorum
704 967 886 994 transversalium
896 971 1012 1004 portiones
1026 979 1064 994 ex-

160 1015 216 1032 tant.
236 1029 238 1032 ,
250 1007 354 1033 Medulla
362 1008 393 1032 H
394 1008 477 1033 arctior
484 1006 570 1032 reddita
586 1005 658 1032 adhuc
666 1006 802 1041 appendices
808 1008 900 1042 promit.
935 1008 961 1031 In
975 1006 1066 1041 reliquis

161 1042 344 1078 subsequentibus
353 1042 469 1078 segmentis
477 1043 574 1075 eandem
582 1042 669 1067 seruare
683 1043 771 1067 videtur
777 1045 869 1067 Natura
882 1044 1064 1077 proportionem,

160 1077 193 1105 ita
199 1089 224 1106 ut
231 1079 320 1115 fingulo
333 1089 395 1106 anno
403 1089 474 1105 novus
481 1087 582 1114 emergat
588 1079 674 1114 ligneus
683 1078 783 1103 circulus.
811 1078 957 1104 Confimilem
967 1078 1064 1112 speciem

161 1117 268 1143 exhibent
275 1117 387 1152 iegmenta
400 1116 480 1151 quartas
487 1120 511 1141 &
517 1115 626 1140 fimilium
635 1132 641 1150 5
654 1115 714 1140 unde
722 1115 801 1140 conclu
805 1115 856 1140 dere
863 1114 985 1150 possumus,
1002 1123 1064 1140 trun-

161 1161 208 1186 σος,
214 1158 238 1180 &
247 1163 321 1179 ramos
328 1154 380 1179 inde
385 1161 532 1188 emergentes,
543 1151 629 1187 fingulo
635 1159 695 1177 anno
701 1152 882 1177 additamentum
887 1151 993 1186 recipere,
1001 1161 1063 1178 novo

160 1188 237 1216 addito
242 1187 337 1216 exterius
342 1190 452 1216 fibrarum
458 1193 482 1215 &
490 1189 630 1214 trachearum
637 1188 764 1214 involucra

194 1226 248 1254 Pari
257 1230 396 1254 incremento
402 1226 505 1262 procedit
511 1227 602 1251 Natura
608 1227 631 1250 in
649 1226 722 1262 Ossium
728 1234 857 1261 augmento.
892 1224 965 1252 Foetfis
972 1226 1026 1260 offa,
1039 1230 1064 1253 &-

161 1266 266 1291 cranium
272 1265 390 1300 praecipue,
397 1264 570 1290 filamentoturn
576 1262 714 1298 progressum
721 1263 826 1289 exhibent
833 1280 840 1298 3
856 1263 903 1288 hxc
911 1273 957 1288 non
965 1266 1062 1290 omnino

162 1299 202 1327 fibi
208 1302 319 1338 parallela
326 1299 375 1327 sunt
382 1322 390 1334 ,
406 1305 430 1327 &
438 1296 491 1327 hiric·
506 1296 557 1326 inde
572 1301 651 1326 breves
668 1300 828 1335 appendiculas
841 1298 995 1326 filamentosss
1010 1310 1063 1335 pro-

163 1348 237 1372 munt,
251 1339 331 1375 quibus
346 1340 448 1364 invicem
459 1336 574 1373 colligata,
586 1346 631 1363 rete
646 1336 767 1363 efformant
780 1346 861 1372 parum
869 1337 932 1362 alibri
943 1346 1021 1363 natura
1031 1338 1064 1363 di·
1097 1341 1099 1343 ’

163 1374 222 1401 stans
230 1397 237 1408 ,
246 1378 307 1410 cujus
319 1378 419 1411 potiores
431 1384 487 1401 arez
500 1379 525 1401 &
537 1383 587 1400 tota
596 1374 706 1400 fibrarum
714 1371 842 1409 'compages
867 1373 990 1401 exsudante
1004 1374 1064 1401 oss'eo

164 1410 230 1436 succo
241 1411 339 1446 repletur
350 1433 357 1444 ,
369 1415 393 1437 &
406 1420 492 1437 tumet:
511 1412 637 1437 Succeffivis
652 1412 794 1437 incrementis
806 1420 867 1436 nova
878 1411 985 1437 fibrarum
997 1412 1064 1447 plana

163 1446 418 1482 superinducuntur,un
426 1448 572 1483 praeexistenti
586 1447 685 1473 lamellae
702 1446 764 1474 osseo
772 1447 913 1483 agglutinata
920 1449 993 1482 succo,
1001 1448 1064 1475 debi-

164 1485 483 1511 t'ammole‘m&firmitatem
496 1488 602 1512 excitant.
636 1487 717 1510 Patent
732 1493 807 1510 autem
822 1484 907 1522 singula
916 1485 993 1521 plana,
1006 1485 1064 1511 reso-

164 1522 251 1548 lutione
258 1521 314 1547 facta
326 1532 366 1557 per
380 1522 475 1557 longam
485 1523 564 1547 offium
577 1523 766 1553 macerationem,
785 1525 874 1558 integrat
886 1531 986 1557 namque
1001 1522 1063 1548 osseo·¹

165 1560 294 1585 reticulare‘s
299 1558 394 1585 braeteae
400 1557 536 1585 evelluntur:
545 1560 571 1584 ln
579 1558 694 1584 abortibus
699 1559 788 1591 vei-ofin
793 1562 871 1585 cranio
878 1560 1009 1585 inchoatum
1017 1568 1063 1585 rete

165 1596 280 1622 evidenter
294 1595 434 1632 conspicitur.
468 1598 563 1621 Dentium
574 1597 654 1631 pariter
668 1604 788 1631 compages
800 1596 837 1621 hic
850 1607 898 1622 non
918 1607 1000 1632 parum
1011 1597 1065 1622 lucis

165 1633 229 1659 affert
233 1649 240 1666 ,-
256 1633 339 1659 horum
345 1634 452 1659 struCtura
460 1642 503 1668 prce
511 1636 591 1658 caeteris
598 1634 674 1658 minus
682 1633 774 1659 obscura
781 1633 812 1659 est
820 1636 844 1659 in
851 1635 1025 1669 quadrupedum
1033 1644 1066 1660 te-

165 1671 228 1697 nelli's
236 1668 345 1704 dentibus,
353 1675 377 1697 δι
384 1671 493 1707 praecipue
500 1671 616 1703 vitellinis,
631 1673 655 1696 in
662 1670 755 1706 pistibus
763 1674 854 1706 pariter,
867 1676 891 1697 &
899 1673 923 1696 in
931 1672 1067 1697 animalium

166 1705 292 1734 arboribus-
326 1709 419 1744 Duplici
431 1710 555 1734 excitantur
569 1717 640 1743 parte,
656 1717 755 1743 quarum
764 1710 856 1735 interior
866 1707 925 1734 ossea
941 1709 1034 1734 lamella
1041 1708 1068 1734 fi-

166 1742 263 1781 brofis&
273 1742 335 1781 quasi
341 1744 461 1771 tendinosis
478 1746 655 1780 capillamentis,
672 1746 696 1769 in
703 1753 808 1780 naturam
820 1747 871 1771 retis
879 1746 1001 1780 implicitis,
1012 1755 1067 1771 con-

166 1784 221 1816 stat5
237 1783 289 1809 huic
303 1782 492 1819 superextenditur
505 1782 604 1808 alterum
619 1782 765 1808 involucrum
777 1783 844 1809 valde
858 1783 965 1817 craffiim3
982 1784 1065 1818 quoda⁴

1020 1822 1064 1855 pri-
