1319 2048
454 127 471 148 (ς
472 112 510 147 A
509 120 613 143 natome
626 109 800 147 Plantarum,

1111 125 1138 146 21

200 171 316 197 Arborum
328 174 393 207 igitur
399 176 424 199 &
431 172 539 197 limilium
543 172 640 204 Trunci,
651 173 748 207 indeque
755 182 892 208 emergentes
898 176 976 207 Kami,
990 177 1056 200 novis

167 209 270 242 quolibet
274 219 334 235 anno
340 210 417 235 additis
424 210 503 244 ligneis
510 208 632 235 involucris
639 212 824 244 compaginantur
831 226 838 242 ‚-
854 211 913 236 unde
919 221 1018 246 proceres
1025 210 1056 237 as-

166 246 257 281 surgunt
262 249 332 271 etiam
338 247 445 279 caudices,
456 248 531 281 quiex
543 245 651 271 fibrarum
668 246 822 280 implicatione
836 247 949 273 {blidiores
962 249 1057 280 redditi,

166 291 287 307 ventorum
302 285 398 317 impetus
411 286 436 308 &
448 285 547 308 materiae
557 283 643 317 pondus
656 282 761 309 sustinere
767 283 850 309 valent.
884 287 908 309 ln
916 285 1056 312 Herbisvero

155 318 294 354 'affingentes
308 320 402 354 quidam
409 320 526 352 cauliculi,
542 329 640 355 quomm
654 320 818 346 delineavimus
823 322 945 356 segmenta,
957 331 982 347 ut
987 324 1055 358 pluri-

165 365 231 380 mum
236 355 332 391 dispersis
337 366 377 392 per
384 357 508 382 medullam
513 357 621 382 fibrarum
627 360 651 382 δι
658 357 800 383 trachearum
807 356 921 390 fasciculis,
933 359 1008 393 ligneo
1014 363 1055 385 cir-

164 393 216 418 culo
235 395 330 419 exterius
348 395 502 419 circumducto
518 403 694 429 componuntur.
729 398 808 428 Qare
827 396 881 421 cum
895 395 940 421 sere
954 401 1055 423 annotini

163 429 213 462 fine,
226 432 250 455 in
262 431 295 456 his
303 433 418 460 ,auctionis
435 432 523 457 ordines
533 440 580 456 non
591 431 724 463 succedunt,
742 435 766 456 &
783 433 836 457 'cum
853 432 933 458 laxiori
946 433 1056 460 donentur

163 476 283 502 compage,
289 477 432 493 externorum
438 470 523 502 injuriis
530 467 594 493 facile
601 468 689 493 cedunt.
707 472 787 495 Unum
797 468 879 494 habent
885 470 991 504 plaerique
999 473 1056 497 Her.

163 504 244 531 barum
253 505 361 543 ¹cauliculi
370 516 493 532 commune
505 516 559 532 cum
568 507 702 542 quibusdam
717 507 854 540 Arboribus,
870 508 1016 543 &stipitibus,
1028 511 1058 535 ad

163 545 235 577 majus
243 543 309 569 robur
315 547 339 569 δι
347 546 478 570 oeconomiae
489 544 641 569 commodum
648 561 654 579 5
672 545 738 569 Nodos
745 543 834 577 scilicet,
848 548 888 580 qui
897 546 1015 572 articuli&
1023 549 1056 572 in-

161 580 250 605 terdum
257 582 358 616 genicula
364 582 518 617 appellantur:
537 581 574 606 Ab
587 581 714 616 hujusmodi
725 591 826 617 namque
838 583 1058 619 tumoribusgenicu„

161 617 227 642 latim
233 619 271 643 vel
285 619 421 647 articulatim
432 620 542 654 prodeunt
555 621 633 644 Rami.
666 620 755 644 Horum
768 619 874 645 struetura
884 622 943 645 mira
948 621 988 653 est,
1001 625 1025 647 δι
1033 618 1058 647 in

162 654 284 689 arboribus,
290 656 425 691 reliquisque
432 657 527 681 durioris
540 659 564 681 &
572 657 677 681 auctioris
689 658 836 691 compaginis,
849 658 946 683 omnino
959 658 1057 683 obscura.

161 693 240 724 Qare
246 693 317 727 ipsam
324 695 403 719 rimari
411 694 501 728 expedit
509 695 533 718 in
539 693 619 724 Caule,
632 695 694 726 cujus
703 693 772 727 lignei
778 692 874 718 fasciculi
882 697 953 729 magis
961 695 1042 720 distant
1050 716 1057 728 ,

160 731 185 752 δι
196 728 293 763 ipsarum
301 731 402 756 ambiens
406 731 507 756 medulla
514 732 666 755 maceratione
673 729 789 755 obliterari
796 730 875 764 potest,
883 733 914 756 ita
919 740 943 756 ut
953 732 1058 766 qualibet

159 763 219 790 fibrae
227 768 314 802 integrae
322 767 416 802 separari
422 769 507 802 poffint.
531 769 555 792 In
564 769 615 792 caule
624 768 697 801 itaque
700 770 761 801 grani
767 767 844 793 Turcici
851 770 1058 800 macerati,nodorum

160 804 293 837 compositio
297 806 373 829 minus
384 804 476 829 obscura
481 813 526 839 prae
534 805 614 828 caereris
621 811 688 829 extat.
723 804 761 828 Est
768 812 844 829 autem
850 805 909 829 nodus
916 805 1059 838 ramificatio,

159 849 265 876 novaque
277 841 402 877 implicatio
410 862 417 874 ,
434 849 459 866 ut
476 844 501 866 δι
516 843 614 867 recentia
627 839 682 865 folia
701 849 820 876 erumpant
827 861 834 873 ,
854 850 993 877 gemmaque
1006 852 1057 878 pro-

159 885 242 903 matur.

192 915 238 941 Sub
244 915 313 941 oculis
322 918 386 942 icone
392 917 449 943 mihi
457 926 504 942 non
509 916 571 942 licuit
579 919 692 953 integrum
697 917 793 950 nodum,
806 917 900 953 lingulas
900 917 944 951 scil.
952 916 1058 952 implica-

159 959 191 976 tas
198 951 272 984 fibras,
285 962 406 988 apponere,
417 954 454 979 sed
462 952 567 980 facilioris
582 954 734 989 intelligentiae
739 955 809 989 gratia
817 954 900 989 placuit
907 953 981 979 fibrosi
995 956 1059 979 unius

158 987 255 1014 fasciculi
263 992 291 1025 38
307 991 481 1026 produciionem
495 991 614 1017 delineare.
648 991 754 1025 Qilibet
765 991 891 1017 fistularum
899 990 1014 1017 fasciculus
1021 1000 1059 1027 per

158 1027 289 1052 interiorem
305 1029 433 1053 medullam
439 1028 544 1062 dispersus
552 1048 559 1060 ‚
577 1029 647 1062 paulo
662 1028 721 1053 infra
729 1029 816 1054 nodum
822 1030 956 1063 propagines
964 1031 1046 1053 emittit
1053 1045 1059 1062 5

158 1072 256 1098 quarum
262 1064 341 1099 aliquae
348 1068 374 1097 A,
381 1065 494 1090 interdum
502 1067 609 1100 contiguo
615 1062 719 1089 fasciculo
726 1064 876 1090 inosculantur
882 1081 889 1097 ‚-
906 1065 996 1099 reliquae
1003 1065 1060 1090 vero

158 1101 180 1125 Β
185 1104 293 1135 proximis
299 1101 359 1127 fibris
365 1104 381 1127 C
388 1102 505 1134 affociatae,
511 1103 524 1126 a
531 1111 609 1127 centro
616 1102 693 1127 versus
705 1101 855 1136 peripheriam
861 1101 970 1134 dedustae,
982 1111 1058 1126 occur.

158 1146 230 1163 rentes
238 1137 329 1163 fibrosos
341 1137 451 1171 fasciculos
458 1138 622 1173 superequitant
635 1138 732 1172 eleganti
746 1138 900 1173 implicatione
909 1154 916 1172 3
932 1139 988 1162 inter
995 1137 1016 1163 se
1022 1148 1059 1163 au.

158 1182 207 1199 tem
214 1175 390 1207 anastomizatae,
397 1184 445 1201 rete
453 1177 475 1200 D
483 1175 637 1207 efformant,&
645 1174 738 1199 tandem
743 1176 850 1200 corticem
857 1173 999 1209 perforando,
1008 1184 1058 1210 par-

159 1213 201 1236 tim
208 1213 232 1236 in
238 1212 355 1238 novellam
362 1221 488 1248 gemmam,
493 1214 578 1246 partim
587 1214 610 1237 in
617 1210 700 1237 folium
707 1210 859 1237 absumuntur.
884 1213 906 1236 A
914 1212 1061 1247 penitioribus

159 1250 225 1283 igitur
231 1258 379 1284 erumpentes,
388 1251 524 1275 exteriorem
534 1249 588 1274 nodi
596 1257 685 1284 partem
694 1249 769 1274 taliter
776 1258 905 1283 percurrunt
916 1259 921 1274 ε
939 1249 986 1274 Ubi
996 1251 1059 1275 enim

159 1285 188 1310 ab
195 1286 315 1312 interstitiis
321 1286 429 1312 fibrarum
436 1286 652 1321 ligneammfluibus
658 1288 754 1311 exterior
762 1285 859 1311 ambitus
866 1288 981 1317 excitatur,
986 1295 1059 1311 emer-

159 1331 223 1357 gunt,
228 1324 305 1348 statim
310 1325 334 1348 in
339 1332 385 1349 rete
392 1327 412 1349 E
418 1323 563 1358 implicantur
571 1339 578 1355 ‚-
596 1323 718 1348 &tandem
729 1322 828 1357 ipsarum
841 1322 953 1347 nonnullae
962 1343 969 1354 ‚
985 1323 1059 1347 ascen-

160 1359 263 1385 dentibus
279 1359 363 1385 fibrofis
376 1359 482 1385 fasciculis
496 1361 515 1385 F
527 1362 592 1385 unitae
600 1380 607 1392 ,
624 1358 709 1385 sursum
717 1360 869 1395 producuntur
876 1381 884 1392 ,
900 1360 980 1395 aliqu-”e
991 1362 1015 1385 in
1026 1358 1059 1385 fo-

161 1396 192 1422 lia
200 1397 348 1430 dhamanrur,
359 1397 450 1432 reliquae
463 1397 491 1422 ad
499 1398 566 1422 latera
579 1397 699 1432 obliquatae
707 1399 734 1429 G,
751 1399 774 1421 in
785 1406 904 1432 gemmam
917 1397 1044 1432 diriguntur.

194 1435 267 1459 Nudus
275 1437 341 1469 igitur
346 1434 379 1459 est
386 1434 506 1469 produstio
512 1437 605 1459 recentis
610 1433 692 1459 sobolis
705 1436 729 1459 in
736 1433 796 1459 fibris
802 1434 880 1469 ligneis
888 1437 912 1459 &
921 1434 1013 1459 tracheis
1020 1455 1027 1466 ,
1035 1442 1060 1459 ut

162 1472 255 1496 exterius
261 1472 361 1497 derivata
366 1474 390 1497 in
399 1480 460 1497 nova
470 1469 532 1503 folia,
544 1475 567 1496 &
575 1471 681 1506 plantulae
692 1471 854 1505 surculum,stil.
862 1481 988 1506 gemmam,
995 1480 1059 1496 corn-

161 1510 272 1543 pingatur.
295 1511 324 1534 Et
332 1511 443 1544 quoniam
453 1507 514 1534 fortis
522 1508 648 1543 exigebatur
655 1509 757 1534 alimenti
764 1506 863 1541 miscela,
877 1512 901 1534 δι
910 1508 978 1533 caulis
987 1508 1061 1546 robur²

163 1545 215 1571 ideo
220 1554 311 1571 exarata
318 1545 425 1571 fibrarum
441 1546 567 1581 implicatio
578 1545 696 1571 neceffiiria
703 1544 753 1570 filit.
787 1548 902 1571 Interiores
909 1545 1015 1571 fibrarum
1028 1544 1061 1570 fa.

163 1581 235 1606 sticuli
242 1592 296 1608 cum
302 1583 443 1608 exterioribus
459 1585 637 1615 communicant,
651 1586 676 1607 δι
690 1583 703 1607 a
714 1582 801 1617 fingulo
807 1581 912 1608 fasciculo
926 1582 1061 1617 multiplices

163 1628 298 1654 promuntur
310 1620 398 1655 fistulae3
414 1629 483 1656 quare
494 1619 541 1645 aliae
548 1619 639 1651 sursum,
652 1619 729 1644 aliaein
738 1618 803 1653 folia,
814 1620 901 1655 reliqua
914 1621 1062 1654 ingemmam

163 1653 272 1682 defluunt.
305 1660 331 1682 ln
338 1657 460 1690 arboribus,
466 1658 569 1691 ubibrami
576 1655 736 1692 producuntur,
748 1657 874 1683 reticulatos
878 1666 971 1692 quoque
979 1666 1060 1692 propa-

163 1695 226 1729 gines
232 1694 245 1720 εὶ
252 1694 354 1729 quolibet
366 1695 442 1730 ligneo
455 1696 574 1721 involucro
583 1703 727 1730 promuntur,
736 1704 785 1730 quae
791 1697 856 1720 unitae
865 1695 993 1729 cylindrum
1000 1694 1064 1720 effor-

164 1740 236 1764 mant,
250 1740 342 1756 ramum
348 1731 393 1764 scil.
402 1732 544 1758 consimilem
561 1740 641 1757 trunco
648 1747 655 1765 5
672 1731 732 1756 unde
743 1733 768 1756 in
781 1731 878 1766 utrisque
887 1733 984 1757 anatura
996 1731 1064 1757 delati

165 1769 266 1794 alimenti
272 1769 332 1794 rudis
338 1769 439 1795 miscella
446 1778 600 1804 promovetur«

196 1805 285 1831 Taliter
293 1808 481 1842 compaginantur
489 1805 572 1831 Caules
583 1809 607 1831 δι,
616 1806 728 1831 Caudice's
741 1806 884 1841 quorundum
898 1807 1023 1839 Fruticum3
1040 1812 1065 1829 ut

678 1845 710 1869 M
991 1842 1063 1877 pluri-
