1319 2048
167 100 201 129 32

439 86 663 117 Minaeum
698 84 938 116 Mammam

583 215 821 258 Dertona.

313 301 398 329 oliorum
405 302 510 335 copiam,·
520 303 621 335 quorum
635 301 803 334 vegetationem
813 298 910 333 superius
919 300 1079 334 indicavimus,
1095 303 1108 328 ὲ
1123 307 1157 328 [δὲ

329 338 396 364 nellis
407 337 496 363 fixrculis
510 337 605 372 pendere
619 336 725 361 omnibus
737 344 804 371 patet.
838 338 894 361 Sunt
900 345 977 363 autem
987 337 1033 363 haec
1039 339 1102 373 quafi
1113 342 1156 374 pla.

229 365 232 368 *
256 377 333 401 centulae
345 374 481 410 singularum
494 376 602 409 partium,
615 373 697 408 quibus
704 373 786 408 plantae
794 374 939 408 integrantur,
944 377 1082 409 compendio
1089 386 1156 413 cmg-

256 420 360 441 mentatf.
395 414 420 436 In
427 412 461 437 his
469 411 589 436 moliendis
596 419 645 436 tam
653 408 714 435 ferax
719 410 751 435 est
756 412 853 442 Natura,
868 420 893 436 ut
902 410 1010 437 foliorum
1017 414 1086 447 gratia
1093 414 1156 448 plan.
1185 421 1189 426 ·

257 457 284 474 tae
290 457 394 483 vegetare
402 449 527 474 videantur.
561 449 632 475 Vario
644 446 684 472 fitu
693 450 717 472 δι
726 447 803 472 ordine
817 447 979 482 implantantur
991 447 1046 475 folia
1053 452 1077 475 in
1084 451 1156 477 fiircu-

257 485 293 518 lis,
301 489 324 511 δι
333 485 432 511 adauctis
440 488 536 521 gemmis
546 495 552 510 z
572 488 705 519 Frequenter
715 487 779 510 enim
790 486 814 510 in
821 484 936 511 arboribus
944 486 1074 513 alternatim
1079 493 1154 514 emmss

256 530 312 557 punt
320 539 327 557 3
345 525 375 548 ita
384 524 494 548 miramur
502 525 525 548 in
530 524 606 556 populo,
618 523 682 554 lauro,
688 522 785 553 avellani«,
794 523 876 547 timoniis
883 523 947 555 malie,
961 524 1008 549 rubo
1013 527 1088 557 canino,
1095 527 1155 560 casta-

256 562 304 591 mis,
311 563 335 585 δι
341 560 425 595 jujubis:
442 562 467 585 In
475 561 510 592 >his
518 559 654 594 quandoque
666 557 722 584 folia
735 568 831 584 numero
837 561 917 594 viginti
925 562 968 585 tria
979 561 1079 595 pendent
1086 563 1154 589 alter-

257 595 285 620 na
293 599 419 631 eruptione,
429 600 509 632 &quae
517 595 618 622 mediam
627 595 707 621 surculi
713 598 830 631 regionem
843 604 960 631 occupant,
972 600 1071 625 austiora
1083 603 1108 625 δι
1122 600 1155 626 la-

257 634 320 658 xiora
326 634 578 669 iunt‚reliquaminora.
612 633 674 658 Folia
686 633 818 660 alternatim
830 635 901 659 etiam
909 637 1051 669 erumpentia
1061 646 1109 662 non
1116 638 1154 663 de-

257 672 401 696 terminatum
418 678 528 706 occupant
533 670 609 702 litum,
622 673 653 696 ita
659 678 684 695 ut
690 670 753 699 ἀηδὲς
760 672 848 705 gemine
865 671 921 700 linet·
926 673 982 701 recte
987 680 1027 706 per
1034 672 1103 699 latera
1110 673 1155 699 fiir.

255 706 300 731 culi
308 708 321 732 a
326 706 371 732 bafi
378 708 406 732 ad
414 709 503 742 apicem
509 709 587 733 onmia
594 715 741 743 emungant,
754 706 790 732 sed
797 709 862 733 vario
868 708 947 733 ordine
951 708 1052 735 locantur
1058 726 1064 745 3
1082 713 1115 737 ita
1120 720 1154 737 ta-

257 753 312 768 men
319 765 326 776 ,
342 753 367 769 ut
374 746 397 769 in
404 744 516 779 aliquibus
522 746 585 770 tertia
590 753 686 779 quaeque
692 745 781 779 eruptio
787 743 827 769 sub
832 744 913 770 eadem
920 744 1040 772 directione
1046 747 1101 773 adfit
1108 764 1115 783 3
1131 750 1155 774 in

256 781 305 806 aliis
312 790 396 814 autem,
405 784 456 808 utin
462 792 541 816 quercu,
546 781 587 806 ubi
592 780 682 816 copiosa
687 781 797 815 prodeunt
805 781 835 806 ab
842 781 945 816 oblongo
951 782 1039 809 surculo
1044 782 1108 817 folia,
1119 795 1156 811 re.

256 818 390 844 {titudinem
404 819 575 853 syminetricam
582 817 697 843 difficulter
703 819 837 843 invenimus.
871 820 898 843 In
902 820 976 844 Cinam
981 820 1054 852 caule,
1066 821 1148 852 costulg

257 854 337 889 quibus
345 855 415 890 lignee
421 854 474 884 fibrf
479 854 639 886 custodiunuir,
646 854 720 880 taliter
726 855 739 880 ὲ
746 856 855 889 penitiori
858 855 927 880 caulis
930 865 1024 891 corpore
1029 847 1156 894 emergunt:

257 893 281 915 δι
288 891 395 926 Ρῐοάιιίὲε,
405 892 499 917 tandem
506 893 530 916 in
541 890 589 916 folii
603 891 737 926 pediculum
742 891 887 917 abfiimuntur
894 912 901 924 ,
917 900 942 917 ut
949 895 1031 927 cuique
1044 892 1113 921 facile
1120 898 1155 921 in-

256 928 361 961 notescat,
369 927 424 954 folia
431 928 480 954 fieri
487 928 653 963 emergentibus
670 928 749 953 senfim
755 928 845 953 costulis
852 932 876 953 &
883 928 944 954 fibris
954 930 968 954 a
974 928 1086 964 profimdo
1091 933 1156 958 caule

256 967 281 989 δι
288 965 393 991 caudice:
412 967 477 992 Nam
491 965 539 991 folii
552 965 656 1000 pediolus
667 966 781 1000 congeries
793 966 826 991 est
838 964 976 990 costularum
987 969 1012 993 &
1019 965 1156 1003 fistularum,

252 1006 350 1036 quarum
358 1004 433 1038 portio
439 1002 640 1038 supraproximum
651 1001 733 1028 folium
746 1001 850 1037 emergit,
860 1006 892 1028 .&
898 1002 966 1028 caulis
973 1006 1108 1031 exteriorem
1115 1017 1154 1032 ex-

252 1040 306 1064 citat
315 1042 431 1074 regionem
438 1055 446 1071 3
462 1039 542 1074 reliqui
552 1039 607 1064 verb
620 1038 695 1064 fibrosi
704 1038 802 1064 fasciculi
814 1039 902 1073 longius
909 1048 1033 1074 emergunt.

137 1074 202 1100 ΤΛΒ.
212 1083 219 1099 1
227 1082 248 1107 5.
288 1078 321 1101 Ita
327 1078 351 1101 in
358 1078 413 1102 malis
419 1078 501 1102 timoniis
507 1079 532 1101 &
538 1078 633 1101 aurantiis
639 1086 680 1108 77,
693 1075 773 1101 obtufis
787 1067 924 1110 quibustlam
934 1078 1062 1102 eminentiis
1068 1078 1155 1106 striatus

252 1112 343 1138 efficitur
349 1114 443 1139 tenellus
457 1112 570 1147 surculus;
587 1112 653 1147 ipsius
660 1114 724 1138 enim
736 1112 879 1148 segmentum
886 1113 992 1148 angulare
997 1124 1077 1150 corpus
1089 1118 1154 1143 Ade-

253 1148 336 1184 fignat3
353 1150 461 1175 fibrarum
471 1148 574 1180 fasciculi,
585 1151 657 1183 quiin
670 1148 725 1174 folia
738 1150 840 1183 elongari
853 1149 951 1182 debent,
967 1151 1045 1176 senfim
1058 1152 1155 1189 &ligneo

253 1186 356 1220 cylindro
373 1188 475 1211 eminent
491 1183 556 1219 supra
571 1183 653 1209 folium
667 1186 704 1217 Β,
718 1188 743 1210 δι
761 1186 819 1210 ῐεᾶὲ
836 1185 957 1218 Ρῐοᾱιιέὶὶ,
974 1185 1079 1221 ssiperatis
1097 1198 1152 1224 qua„

254 1232 304 1248 tuor
322 1221 380 1247 foliis
392 1224 409 1247 C
418 1243 426 1255 ‚
447 1222 539 1247 tandem
553 1223 577 1246 in
586 1221 725 1256 ,pediculum
736 1222 759 1246 D
771 1220 918 1246 abfiimuntur
927 1242 934 1254 ‚
951 1225 976 1247 δι
990 1224 1022 1248 ita
1035 1223 1061 1249 fit
1072 1226 1096 1250 in
1108 1226 1151 1252 fin.

283 1259 315 1284 lis.

251 1268 347 1321 guTam
354 1296 415 1322 varie
424 1295 590 1331 configurantur
597 1292 651 1322 folia
657 1295 681 1319 in
686 1294 775 1330 singulis
786 1294 950 1329 vegetantibus,
965 1303 1059 1331 tamque
1069 1297 1151 1333 dispari

249 1334 405 1368 magnitudine
411 1333 523 1358 donantur
531 1354 538 1366 ‚
554 1340 578 1357 ut
585 1331 720 1367 impoffibile
737 1331 763 1357 fit
769 1331 798 1357 ad
806 1337 876 1357 certas
890 1341 980 1359 normas
992 1333 1077 1369 fingula
1085 1336 1150 1361 redu-

249 1379 315 1395 cere:
334 1370 530 1405 Principalioribus
545 1378 624 1395 tamen
641 1377 772 1401 contentus,
788 1367 897 1403 quasdam
914 1378 1028 1404 exponam
1042 1369 1150 1398 foliorum

250 1406 343 1440 formas,
349 1417 395 1433 non
402 1416 427 1432 ut
433 1416 513 1442 genera
519 1407 648 1442 plantarum
653 1414 686 1431 tot
693 1406 840 1432 caracteribus
848 1405 950 1432 distineta
956 1407 1098 1440 constituam,
1112 1408 1150 1434 sed

249 1452 274 1468 ut
280 1446 338 1470 rudis
345 1446 434 1477 notitia,
445 1443 549 1470 facilioris
560 1443 712 1478 intelligentiae
718 1444 796 1478 gratia,
803 1443 923 1475 habeatur;
935 1443 985 1468 ideo
993 1444 1022 1469 ab
1028 1444 1148 1472 universali

250 1484 404 1516 vegetantium
416 1481 493 1506 ordine
501 1481 605 1516 quaedam
617 1479 717 1515 seligam.

284 1520 384 1544 Minima
396 1520 472 1553 itaque
486 1522 510 1543 δι
521 1517 679 1552 fimpliciffima
689 1516 721 1541 est
734 1514 808 1542 forma
815 1518 839 1542 in
845 1517 978 1578 cupreffw&
993 1520 1054 1553 cujus
1061 1518 1148 1551 foliola,

252 1554 304 1580 licet
313 1555 411 1590 separata
423 1563 568 1590 nequaquam
581 1554 701 1590 pendeant,
715 1552 804 1578 surculis
813 1561 890 1583 tamen
912 1558 1017 1586 menn&
1025 1564 1104 1580 veram
1113 1555 1147 1581 fo-

252 1590 335 1617 liorum
344 1590 441 1618 referunt
446 1600 551 1617 naturam
558 1607 564 1625 5
572 1591 584 1615 a
591 1599 655 1616 ramo
661 1592 724 1615 enim
734 1593 753 1615 A
759 1599 881 1625 erumpunt
895 1589 951 1615 folia
960 1591 982 1615 Β
988 1591 1055 1616 craffa
1061 1595 1086 1617 &
1092 1595 1147 1618 viri-

253 1627 291 1652 dia
307 1628 379 1654 latiori
392 1637 472 1654 exortu
486 1631 511 1653 &
523 1626 602 1652 obtuso
613 1629 691 1662 apice3
709 1626 804 1652 surculus
816 1629 898 1662 pariter
912 1636 1027 1662 emergens
1037 1628 1147 1655 hincinde
1188 1656 1191 1660 ,

253 1663 311 1689 foliis
318 1666 333 1689 C
337 1667 467 1701 contegitur.
500 1666 568 1700 Ligni
581 1664 677 1698 subjesta
693 1663 811 1689 fiibstantia
820 1673 900 1699 parum
913 1664 1038 1700 elongatur,
1044 1675 1146 1700 gemma-

252 1711 302 1727 rum
311 1702 385 1733 instar,
393 1706 417 1728 &
428 1702 507 1728 foliola
518 1704 541 1727 D
548 1711 630 1737 parum
636 1700 797 1733 excrescunt‚&
806 1700 857 1726 loco
869 1701 956 1736 petioli,
967 1702 1103 1727 costulamm
1112 1710 1147 1727 tu-

213 1733 223 1743 ’
252 1749 325 1765 mores
335 1742 363 1773 E,
375 1740 480 1765 asurculo
486 1739 728 1775 emergentes‚habent.
762 1742 831 1773 Supra
837 1748 925 1765 exarata
932 1738 1010 1765 foliola
1025 1740 1085 1765 statis
1092 1739 1147 1767 locis

252 1786 313 1803 nova
320 1775 470 1802 manifestatur
476 1785 576 1811 gemma,
583 1785 626 1811 quq
632 1786 711 1811 parem
719 1776 805 1802 sortitur
811 1776 956 1811 progressum.

1120 1815 1145 1838 In
