1319 2048
129 87 1137 104 ffl—

162 121 228 147 ²4,

455 103 672 134 Manet-:Lm
694 102 930 133 ΜΑιΡΙῦι-ΗΙ

243 166 407 202 emergentibus
422 163 578 190 stabilibusD:
595 163 688 189 Caduca
703 162 829 188 folia'varia
842 160 1050 187 circumscribuntur
1056 160 1129 189 sormi
1139 184 1146 196 ,

245 213 295 229 tum
303 206 326 228 in
334 202 423 228 diverfis
430 201 522 236 plantis,
527 209 577 226 tum
584 203 607 225 in
614 210 658 225 una
664 200 791 234 eademque
797 208 897 234 gemma.

277 244 302 266 In
306 242 349 275 ficu
359 250 369 273 5
377 250 384 264 ι
396 240 492 264 exterius
497 247 523 263 ut
528 237 761 273 plurimummitralia
767 240 787 263 A
794 236 848 262 sunt.
883 238 908 261 ln
913 247 964 262 moro
972 240 996 262 &
1004 238 1097 271 castaneis
1106 247 1146 272 pa.

243 279 295 303 rum
302 286 402 302 concava
410 277 439 308 ΞΒ,
445 276 553 311 oblonga,
560 274 682 310 obtusaque
693 276 716 299 in
724 276 787 309 apice
798 273 915 308 assurgunt.
940 276 975 298 11n
985 275 1078 299 avellanis
1089 284 1144 299 con-

244 324 301 340 cava
307 315 396 349 pariter,
403 313 492 347 lataque
498 312 547 337 sunt
554 312 633 337 foliola
642 313 659 336 C
664 311 757 346 copiosis
766 312 857 346 irrigata
868 310 937 342 fibris,
952 311 1098 345 utriculisque
1104 311 1146 336 do-

243 359 302 376 nata.
336 353 419 375 Parum
429 349 641 375 abfimilidonantnr
655 347 729 373 forma
737 348 820 373 caduca
833 349 879 373 ulmi
886 346 957 381 folia3
976 347 1020 372 lata
1028 350 1091 372 enim
1097 348 1147 374 sunt

244 386 327 422 absque
337 387 385 412 ulla
398 387 533 412 lacinatione
547 385 640 420 copiosis
649 384 763 420 conspersa
776 384 837 409 fibris
848 387 879 417 D,
892 393 941 420 quae
949 394 995 409 non
1009 385 1146 412 acommuni

244 425 442 456 costulaoriuntur,
456 424 494 450 sed
501 433 579 449 omnes
592 424 605 449 a
613 423 708 456 surculo,
718 424 784 458 aquo
794 431 918 458 emergunt.
945 423 1069 459 ⁴Interdum
1079 433 1146 459 angu-

246 462 312 488 stiora
320 460 367 487 sunt
375 482 383 493 ,
397 462 482 496 talique
496 461 598 487 constant
612 460 685 486 forma
692 462 718 485 E.
753 462 778 484 In
787 461 853 485 robore
862 462 967 494 δάμη-ιιι
980 469 1006 485 ut
1018 459 1144 494 plurimum

246 498 358 533 oblonga,
376 499 499 534 gracilique
512 498 613 523 constant
620 497 690 533 specie
696 498 720 529 F,
737 497 880 531 &plurimis‚
891 496 998 522 fibrarum
1015 497 1145 531 produffio-

244 534 310 560 nibus
317 538 440 571 irrigantur.
474 538 499 561 In
505 537 557 561 viola
563 538 641 567 martia,
648 535 731 560 caduca
737 533 793 559 folia
800 536 830 559 ita
844 533 951 559 laciniata
958 532 1015 566 fiant,
1031 543 1056 560 ut
1062 544 1147 570 appen-

244 571 303 597 dices
311 575 367 599 Gita
374 573 467 608 graciles
474 573 516 599 fint
523 594 534 605 ‚.
546 581 571 598 ut
584 572 655 607 spinas
668 571 807 597 aemulentur.
842 573 867 596 In
878 573 944 597 malim
955 571 1090 606 quandoque
1101 575 1145 598 mi-

243 609 299 634 trale
305 609 394 645 assurgit
400 610 512 636 caducum
519 609 609 644 folium,
621 609 734 635 interdum
743 610 767 633 in
773 608 837 644 plura
845 608 908 643 quasi
916 607 1021 633 scinditur
1027 606 1106 633 foliola
1112 611 1147 640 Η,

213 684 215 686 ‚
248 656 299 681 quae
304 648 397 674 tandem
404 648 514 675 tabefacta
520 649 645 674 concidunt.

278 684 340 710 Folia
347 685 434 711 stabilia
441 707 448 718 ,
466 695 566 720 quorum
581 687 752 721 generationem
760 687 889 720 praemuniri
896 684 985 710 caducis
992 684 1074 710 foliolis
1088 687 1146 713 dixi-

246 731 304 753 mus,
308 722 425 756 postremo
431 731 551 758 vegetante
557 723 649 758 gemma
656 732 781 758 emergunt,
796 722 942 758 ipsorumque
950 725 1059 757 primaeva
1066 722 1148 758 species

246 760 344 784 minima
352 759 391 791 est,
403 763 431 788 v&
438 758 482 785 fere
490 759 605 791 informis4
623 759 702 785 senfim
710 768 787 784 autem
803 759 939 794 turgentibus
954 758 1049 791 costulis,
1061 763 1086 785 &
1093 770 1147 785 con⁴

240 797 335 821 -tinuatis
349 796 431 822 fibrosis
445 796 560 828 fasciculis,
573 796 711 821 manifestior
723 796 828 821 redditur.
863 798 889 820 In
896 795 1016 830 aliquibus,
1026 804 1050 821 ut
1064 799 1088 822 in
1091 798 1135 831 ficu
1139 818 1147 830 ,

244 830 327 858 folium
339 833 489 867 aprimordiis
501 841 605 868 apertum
617 836 642 858 &
658 833 774 858 didustum
783 833 828 867 est3
845 834 869 857 in
884 832 976 867 reliquis
983 831 1028 857 fere
1042 833 1147 859 omnibus

243 870 408 904 complicatum
421 873 446 895 δι
453 869 550 905 crispum
556 870 597 902 est,
610 872 641 895 ita
647 879 672 895 ut
680 872 704 894 in
712 871 790 904 primo
804 878 882 895 exortu
889 868 947 895 solus
954 869 1057 904 pediolus
1064 891 1071 902 ,
1084 871 1147 896 inde-

243 915 288 940 que
295 907 404 942 ass'urgeus
410 906 495 932 costula
501 916 555 932 cum
563 907 666 942 appenfis
673 905 778 932 fasciculis
792 915 908 942 appareat,
919 906 1022 932 nondum
1031 906 1106 933 laxata
1112 907 1148 932 fo-

241 942 268 967 lii
278 942 401 970 latitudine.

276 982 328 1006 Hoc
335 982 438 1016 apprime
447 983 556 1006 miramur
568 982 594 1006 in
606 982 656 1006 ulmo
672 990 710 1014 52,
724 983 749 1006 in
756 990 803 1016 qua
809 981 894 1006 stabilis
903 980 979 1007 foliiA
983 981 1059 1015 primo
1074 987 1147 1007 emer-

241 1026 295 1051 gens
300 1017 418 1050 strustura,
433 1018 527 1053 pediolo
536 1019 557 1043 Β
564 1017 658 1050 constat,
663 1018 751 1044 caducis
757 1018 816 1043 foliis
827 1020 843 1043 C
855 1019 934 1044 intime
939 1020 1016 1050 unito;
1033 1018 1148 1054 reliquum

241 1054 485 1091 foliiDcomplicatur,
497 1054 655 1091 apparentibus
670 1057 760 1081 tanturn
773 1055 869 1081 costulis.
902 1056 967 1081 Idem
982 1054 1063 1081 folium
1075 1059 1147 1082 tractu

242 1090 349 1127 temporis
353 1095 430 1119 austus
440 1095 460 1118 E
467 1092 576 1125 redditur,
583 1095 607 1117 &
614 1092 763 1118 utriculorurn
769 1092 912 1127 appendices,
925 1092 1007 1127 quibus
1014 1092 1063 1118 folii
1071 1093 1146 1119 latitu-

242 1128 274 1152 do
285 1132 400 1162 excitatur,
416 1130 495 1155 sensim
505 1130 616 1161 laxantur,
633 1133 658 1155 &
670 1130 755 1155 caduca
770 1129 826 1155 folia
835 1132 854 1156 F
870 1131 999 1164 proceriora
1004 1129 1068 1155 fiunt.
1102 1133 1146 1156 Po-

243 1165 327 1191 stremo
332 1166 497 1201 emergentibus
504 1166 594 1191 costulis
601 1162 621 1189 G
632 1166 645 1190 a
653 1166 722 1191 crass'o
726 1166 828 1200 pediolo,
841 1170 865 1191 δι
873 1167 968 1190 craffiori
977 1166 1108 1191 ascendente
1113 1166 1146 1191 fa-

243 1202 325 1228 sciculo
332 1205 367 1235 H,
383 1204 479 1228 exterior
485 1203 565 1236 unguis
571 1204 585 1226 Ι
589 1200 696 1227 ‘incifiiras
703 1204 801 1236 patitur,
813 1206 837 1227 &
844 1202 938 1227 tandem
946 1203 970 1227 in
977 1204 1078 1237 geminas
1091 1212 1145 1238 ape-

244 1247 299 1264 ntur
321 1248 386 1265 artes.

244 1297 246 1299 ,
274 1249 404 1303 Evidentifls
411 1280 434 1303 in
440 1279 505 1303 robore
512 1281 537 1304 &
543 1275 614 1312 quercia
620 1278 754 1312 contingunt
760 1277 806 1303 haec
812 1279 893 1303 omnia
901 1294 907 1312 3
925 1280 1010 1304 etenim
1015 1278 1097 1304 stabilis
1104 1279 1144 1305 hu-

238 1318 274 1350 jus
282 1312 331 1339 folii
344 1313 427 1349 species
442 1325 468 1350 53
479 1325 527 1341 tam
533 1324 604 1350 parva
610 1314 650 1347 est,
668 1323 693 1340 ut
700 1316 739 1340 vix
753 1313 903 1350 mictoscopio
920 1315 1058 1350 deprehendi
1071 1317 1145 1351 poffit·

242 1352 302 1375 Inter
310 1351 395 1376 caduca
400 1360 501 1387 namque
509 1351 588 1377 foliola
596 1355 615 1377 A
620 1351 805 1378 inchoamentum
811 1351 860 1377 folii
867 1352 966 1387 affurgit,
981 1353 1046 1388 quod
1053 1362 1143 1389 turgen-

240 1387 352 1413 tecostula
364 1389 497 1414 &excitatur
509 1398 562 1413 cum
569 1389 659 1424 gemina
672 1388 803 1424 appendice.
826 1388 916 1415 Senfim
929 1398 971 1414 tres
977 1389 1144 1424 maniliestantur

240 1423 328 1450 costulae
335 1427 364 1457 C,
379 1426 392 1451 ὲ
398 1425 468 1451 crasso
477 1434 620 1460 erumpentes
628 1425 720 1461 pediolo
727 1428 757 1451 D.
789 1427 876 1451 Tracta
884 1427 998 1460 ,temporis
1004 1426 1104 1452 dedustis
1108 1437 1144 1453 co.

239 1461 310 1495 stulis,
318 1462 365 1489 folii
373 1463 469 1489 latitudo
475 1466 495 1490 E
501 1464 637 1498 extenditur⁵
656 1467 680 1489 &
694 1464 817 1498 postremo,
828 1464 935 1499 elongato
941 1463 1026 1489 fibroso
1038 1464 1142 1492 fasciculo

241 1498 273 1529 F,
289 1507 353 1524 novae
369 1500 524 1535 appenduntur
534 1500 623 1526 costulae
638 1502 665 1532 G,
682 1503 707 1526 δε
716 1500 848 1535 ,ωιᾶεπιίὶι
857 1503 963 1536 exiguum
979 1499 1069 1534 folium,
1081 1505 1142 1538 cujus

241 1536 335 1564 latitudo
342 1539 371 1563 H
376 1536 446 1572 crispa
451 1537 524 1563 adhuc
534 1538 637 1564 redditur.

273 1576 382 1600 Nonuna
389 1575 497 1609 perpetuo
503 1574 535 1600 est
541 1583 625 1600 naturae
639 1574 758 1600 methodus
764 1576 788 1599 in
802 1574 906 1610 augendis
919 1584 1064 1610 gemmarum
1077 1574 1142 1608 foliis,

242 1612 274 1636 ita
284 1620 309 1636 ut
313 1613 390 1647 primo
396 1613 478 1637 caduca
486 1621 609 1647 erumpant
623 1611 685 1644 folia,
700 1621 756 1637 mox
769 1611 857 1638 stabilia
869 1620 994 1648 emergant,
1006 1616 1031 1638 δι
1040 1614 1140 1645 tandem,

242 1648 340 1673 adauctis
345 1649 398 1683 istis,
407 1649 446 1675 illa
452 1648 614 1681 contabescant,
628 1652 653 1674 δι
661 1648 765 1674 decidant
773 1665 780 1681 ‚-
798 1649 834 1674 sed
847 1650 926 1684 paffim
933 1650 956 1674 in
964 1649 1064 1684 pluribus
1074 1650 1140 1675 arbo-

242 1686 302 1711 ribus
314 1695 460 1721 gemmarum
472 1686 528 1712 folia
536 1708 543 1719 ,
559 1687 707 1722 &pracipue,
721 1695 771 1722 qnae
779 1687 850 1712 haiim
858 1687 923 1722 ipsius
933 1696 1081 1723 componunt,
1095 1691 1138 1713 mi-

244 1723 296 1749 trali
308 1723 387 1748 amissa
394 1723 471 1759 figura,
484 1726 549 1750 novis
562 1724 724 1752 mutationibus
735 1724 827 1749 tandem
841 1725 959 1751 instabilia
966 1725 1064 1750 evadunt
1070 1723 1140 1758 folia,

242 1760 323 1795 quibus
329 1760 423 1786 liirculus
429 1761 594 1787 condecoratur.

277 1799 352 1823 Novae
368 1800 444 1833 itaque
459 1796 537 1823 formae
548 1800 573 1824 in
587 1797 677 1824 diverfis
692 1798 844 1833 vegetantibus
857 1798 977 1825 observatae
985 1819 992 1831 ,
1004 1796 1141 1824 delineandae

1037 1845 1139 1864 veniunt,
