1319 2048
183 101 215 130 34

131 1294 196 1320 Tan.
203 1304 210 1320 ι
217 1296 238 1320 8.

480 87 695 119 MARCELLI
717 88 977 121 MALP'IGHH.

299 148 324 176 In
331 151 453 184 ſsmpervivo
460 149 543 174 &buxo
551 151 590 182 89,
607 157 655 174 tam
663 147 723 176 ferax
732 149 763 174 est
771 149 921 175 utriculorum
933 153 999 185 copia
1008 171 1014 183 ‚
1032 160 1056 176 ut
1071 152 1166 179 crass'um

264 187 369 213 reddatur
390 184 486 219 folium3
503 187 565 219 cujus
578 187 675 211 exterior
693 180 789 210 ambitus
809 188 829 212 A
847 188 973 220 continuus,
984 188 1051 213 nullis
1070 188 1165 216 solvitur

266 226 342 255 crenis5
351 223 441 249 interius
451 222 534 248 fibroso
539 224 582 248 reti
590 223 610 247 Β
620 232 626 247 t
641 224 747 258 Irrigatur
754 223 806 249 hinc
815 224 867 249 inde
874 225 980 258 utriculis,
988 230 1012 251 δι
1021 227 1118 261 globoso
1123 232 1165 256 teti

266 261 419 295 componitur.
568 290 569 293 Ἴ

296 299 387 332 Longus
392 298 459 322 nin-iis
470 297 546 329 efferri,
556 296 571 321 fi
578 296 712 322 universales
718 298 789 322 etiam
796 296 904 324 foliorum
911 297 997 325 formas
1005 299 1087 327 cui-lim
1093 312 1164 338 expo-

265 343 318 359 nere
333 342 458 367 tentarem3
475 333 591 368 quodlibet
604 335 667 358 enim
681 334 812 368 plantarum
826 344 895 370 genus
909 335 948 361 sua
958 337 1068 372 peculiari
1081 342 1164 374 gaudet

261 368 372 399 foliorum
384 371 454 406 specie
462 392 468 403 ,
485 370 543 396 unde
550 371 654 406 quaedam
663 369 718 396 folia
725 371 831 406 angulosa
841 393 848 405 ‚
865 381 996 399 mucronata
1004 395 1011 406 ‚
1025 375 1154 404 enfiformia

261 412 287 434 δι
300 408 399 436 aculeata
414 408 572 443 observantut3
590 408 668 443 aliqua
676 408 733 433 vero
739 408 843 440 rotunda,
860 409 1013 444 triangular-ia,
1030 410 1123 447 falcata,
1136 403 1163 442 &⁵

261 454 350 471 crenata
364 455 483 472 occurrunt
491 461 497 477 3
515 446 634 471 non-nulla
647 455 713 477 cava,
731 444 836 477 fistulosa,
845 447 953 479 carinam,
969 451 994 473 &
1006 448 1092 477 finuoss,
1107 463 1161 479 con-

260 478 400 517 formantur3
419 486 442 510 δι
449 491 498 509 tam
505 483 568 508 varie
580 485 671 509 Natura
677 482 733 508 ludit
740 484 764 507 in
771 480 881 510 foliorum
893 482 978 516 forma,
996 494 1020 511 ut
1025 496 1161 523 perpetuum

259 519 389 550 hominibus
402 522 515 555 paraverit
527 519 688 555 speetaculum.

291 558 346 585 Folia
358 558 458 593 pluribus
469 559 605 592 integrantur
612 557 719 593 partibus,
736 565 834 592 quarum
851 556 970 584 historiam
977 557 1009 585 fas
1015 561 1047 586 est
1054 564 1160 598 aggredi.

259 597 284 619 &
298 596 373 629 primo
384 597 475 629 petiolas,
492 594 527 620 lieu
541 595 657 629 pediculus
670 596 775 626 occurrit,
792 596 832 630 qui
845 595 869 619 in
877 594 1061 630 plerisq5diversfi
1073 588 1160 627 constag

258 632 418 666 magnitudine.
452 632 567 658 Enascitur
580 641 659 658 autem
673 632 687 657 a
700 632 785 657 tenello
798 631 885 657 surculo
896 635 921 658 δε
938 642 1059 669 nunquam
1074 637 1105 663 ab
1118 648 1159 665 an-

258 668 393 702 tiquioribus
399 670 500 694 ramis&
514 678 595 694 trunco
602 668 658 704 ipso,
675 668 716 694 nisi
723 668 802 694 medio
808 677 906 703 gemmae
912 668 1008 698 surculo.
1041 674 1114 708 Hujus
1120 684 1158 701 ex-

256 713 318 732 ortus
331 705 360 731 ab
373 706 526 731 intimioribus
540 706 594 741 ligni
607 705 685 731 fistulis
694 726 701 738 ‚
717 705 745 731 ad
760 715 822 731 extra
833 707 962 732 continuati
975 706 1093 736 substantia
1100 711 1160 738 deri-

257 743 323 774 vatis,
340 741 399 769 secto
405 742 493 768 surculo
499 751 571 777 patet,
587 746 612 768 &
620 742 731 777 praecipue
740 744 764 768 in
780 743 834 768 lauro
846 751 892 776 903
909 743 923 768 ὰ
934 745 1000 777 Δειῴιε
1012 745 1093 773 fibrofii
1104 758 1159 784 poi-⁴

256 779 318 804 tione
333 782 352 804 A
362 780 448 814 ligneus
455 779 553 815 pediculi
568 779 682 813 cylindrus
694 780 715 803 OE
725 780 833 809 exoritur,
849 782 873 803 &
880 780 905 803 in
911 777 994 806 folium
1001 784 1018 807 C
1027 783 1159 812 absumitur·

255 815 281 839 In
293 818 334 840 vite
342 819 367 841 &
378 816 488 842 similibus
500 825 540 848 9i,
554 815 693 841 manifestior
704 818 729 839 &
741 814 865 848 elegantior
878 815 911 840 est
921 817 1020 850 pediculi
1034 821 1157 855 implana-

252 853 293 883 tio‚
309 850 346 881 seu
353 855 449 888 eruptio.
472 854 498 877 In
513 852 576 878 nodo
589 853 652 878 enim
665 852 739 887 plures
748 850 859 878 fibrarum
872 850 969 878 fasciculi
983 856 1002 880 A
1016 855 1046 881 ab
1057 858 1157 886 interiori

252 898 372 925 emergunt
384 890 448 924 ligno
460 910 466 922 ‚
482 893 508 915 ὅτ,
522 891 546 914 in
560 888 693 915 fasciculum
705 887 828 920 recolleffi,
845 888 977 923 pediculum
994 891 1122 929 oblongum
1136 897 1157 921 Β

251 925 380 959 efformam,
397 928 527 961 iterumque
543 926 621 958 laxati,
637 924 688 951 folii
701 926 817 959 reliquum
829 925 937 960 explent:
951 928 1104 962 ⁴implicantur
1116 942 1157 958 au-

250 970 297 988 tem
309 963 437 997 hujusmodi
450 963 512 989 fibrae
522 963 636 1000 reticulari
645 972 715 998 opere
727 970 851 997 autequam
864 962 997 997 pediculum
1008 968 1124 1002 excitent,
1131 979 1157 996 ut

248 1008 299 1025 mos
310 1001 343 1026 est
349 1010 431 1027 naturae
443 1010 449 1026 :
468 1003 502 1026 Ita
516 1002 540 1027 in
548 1001 593 1036 ficu
606 1010 648 1035 92,
659 1000 768 1026 undecim
779 999 894 1026 interdum
903 998 1013 1028 fibrarum
1024 1002 1121 1031 fasticuli
1137 1010 1157 1033 A

249 1038 349 1063 invicem
356 1038 502 1064 reticulzriter
509 1038 626 1063 inosculati
634 1037 747 1072 petiolum
754 1038 784 1069 Β,
791 1036 835 1062 hoc
842 1037 883 1068 est,
900 1037 1003 1071 ligneum
1016 1041 1146 1075 cylindrum

249 1074 376 1103 medullam
392 1076 409 1100 C
420 1074 576 1107 ambientem,
593 1073 698 1099 efficiunt.
735 1075 761 1099 In
783 1073 865 1108 plantis
880 1074 1030 1110 quibusdam,
1048 1079 1087 1104 ubi
1098 1067 1156 1109 folia,

280 1111 340 1137 tiolis
354 1112 509 1144 destituuntur,
525 1111 564 1137 vel
578 1109 659 1137 (altem
673 1110 742 1145 ipfiin
754 1110 886 1144 cylindrum
899 1120 946 1136 non
958 1117 1113 1149 coarstanmr,
1126 1118 1154 1143 fi.

266 1157 343 1173 rarum
349 1148 477 1183 implicatio
491 1157 578 1182 novaq3
586 1149 721 1183 germinatio
730 1146 835 1179 Excedit,
852 1147 895 1172 acfi
908 1148 981 1174 nodus
992 1151 1152 1181 intercederet.

248 1188 279 1213 ita
288 1187 309 1211 in
315 1188 388 1219 tritico,
404 1189 429 1212 &
439 1185 591 1211 consimilibus
603 1195 645 1220 93,
661 1186 686 1209 in
693 1184 834 1218 singulorum
840 1182 950 1211 foliorum
956 1189 975 1212 A
979 1196 1067 1221 exortu,
1080 1180 1153 1226 ligne.²

248 1229 315 1246 arum
326 1222 435 1248 fibrarum
445 1223 563 1248 reticulate
570 1231 626 1257 opus
643 1222 664 1247 Β
670 1222 792 1254 miramur,
806 1221 869 1256 quod
882 1223 947 1248 nudis
955 1225 1028 1250 etiam
1040 1227 1151 1254 oculisle.

247 1259 271 1284 vi
282 1266 372 1287 tumore
379 1268 495 1294 emergens
508 1268 578 1295 patet.
612 1259 744 1285 Mirabiliot
751 1261 775 1284 in
776 1261 876 1293 gramine,
893 1260 993 1294 arundine,
1010 1265 1101 1297 &grano
1108 1273 1151 1292 tur.

246 1296 284 1321 cico
294 1306 336 1329 94,
351 1296 383 1323 est
395 1297 505 1323 fibrarum
514 1297 634 1332 struetura3
648 1298 740 1332 porti0‚
756 1305 805 1331 qua:
817 1296 982 1331 pediculivices
996 1297 1090 1335 supplet,
1105 1306 1150 1329 mi-

245 1336 295 1359 nori
311 1334 420 1360 fibrarum
438 1338 458 1360 A
470 1336 535 1370 copia
550 1334 635 1370 pollet3
651 1333 690 1359 ubi
698 1342 774 1359 autem
782 1343 863 1368 parum
874 1334 970 1360 flectitur
978 1336 1150 1374 &obliquatur,

244 1370 321 1405 plures
327 1375 352 1397 δι
359 1372 434 1407 plures
439 1380 576 1407 promuntur
584 1372 692 1397 fibrarum
698 1370 796 1403 soboles,
802 1375 826 1397 δι
834 1372 890 1397 novi
896 1370 975 1399 surculi
982 1373 1011 1406 Β,
1019 1377 1044 1399 &
1051 1378 1147 1402 circum-

244 1411 314 1435 locati
330 1409 420 1435 utriculi
437 1408 526 1436 diverso
540 1408 667 1435 inficiuntur
681 1408 758 1434 colore
770 1408 832 1444 quafi
845 1418 907 1434 nova
927 1409 1075 1437 constituntur
1087 1421 1148 1447 pars,

244 1444 308 1474 mido
320 1447 417 1482 analoga
425 1467 433 1479 ‚
450 1447 564 1482 reliquum
584 1447 641 1472 vero
655 1446 765 1481 elongatae
784 1444 901 1475 substantie
913 1446 936 1480 C
949 1448 976 1473 in
986 1445 1070 1474 folium
1082 1449 1147 1476 laxa-

244 1490 286 1508 tur.
620 1494 622 1496 ·

276 1521 403 1556 Destriptus
416 1521 512 1556 petiolus
530 1522 572 1554 (ut
585 1523 609 1547 in
621 1520 715 1547 lustratis
727 1520 786 1546 foliis
801 1520 948 1556 contemplati
960 1520 1056 1556 sumus)
1074 1525 1143 1553 veluti

242 1559 359 1592 peculiaris
367 1560 452 1585 caudex
459 1562 482 1585 in
490 1569 565 1585 ramos
576 1563 601 1585 δι
608 1559 704 1585 ὧῐοιιῐω
711 1559 823 1585 scinditur.
856 1561 992 1594 Frequenter
998 1569 1039 1594 pei·
1047 1560 1142 1597 longum

242 1605 360 1622 excurrens
375 1597 414 1622 sub
426 1596 514 1622 costulae
523 1597 596 1631 lpecie
610 1597 663 1623 hinc
675 1598 725 1623 iride
736 1598 823 1632 promit
836 1597 946 1629 ramulos,
962 1599 1003 1631 qui
1015 1598 1108 1624 tandem
1119 1602 1143 1625 in

241 1640 289 1658 rete
302 1634 407 1660 desinunt.
441 1636 493 1659 Hoc
505 1634 585 1669 paffim
600 1636 625 1658 in
633 1633 693 1659 foliis
705 1643 776 1669 patet,
793 1637 818 1659 &
827 1634 947 1669 principue,
959 1636 982 1658 in
995 1633 1042 1659 blica
1054 1636 1142 1661 alboma-

238 1670 279 1702 J'ori
293 1679 332 1703 95.
349 1674 409 1704 cujus
416 1671 512 1706 petiolus
525 1673 545 1697 A
553 1671 609 1696 latus
621 1675 645 1698 ὃς
658 1671 736 1697 crassiis
749 1671 840 1697 solvitur
855 1673 879 1696 in
893 1671 989 1696 costulas
1002 1671 1032 1703 B,
1046 1680 1095 1706 quae
1106 1682 1141 1698 re-

244 1708 361 1733 ticularem
371 1708 464 1742 plexum
477 1710 605 1741 excitantes,
618 1708 669 1734 solii
683 1708 826 1734 latitudinem
838 1718 966 1735 excurrunt.
1001 1711 1026 1734 In
1041 1709 1090 1733 aliis
1099 1719 1140 1734 au-

244 1754 293 1771 tem
299 1745 358 1771 foliis
364 1747 461 1784 petiolus
467 1747 542 1772 statim
548 1757 575 1773 ac
592 1748 732 1773 latitudinem
746 1750 835 1783 attingit
849 1747 954 1774 scinditur
965 1751 989 1773 in
996 1748 1095 1772 minores
1102 1757 1138 1772 ra-

243 1789 300 1813 mos,
313 1782 444 1815 conlpicuos
449 1789 534 1813 tamen,
549 1783 589 1816 qui
595 1781 657 1817 quafi
664 1781 693 1807 ab
701 1791 747 1807 uno
753 1791 825 1807 exorti
836 1781 956 1815 umbilico,
968 1781 1025 1807 alios
1041 1782 1139 1806 minores

1084 1824 1138 1849 pro-
