1319 2048
460 106 619 141 QAnatome
631 104 803 142 Plantarum,
1117 118 1143 143 ιι

171 171 236 191 tatur.
265 165 319 191 Sunt
334 171 411 191 a'ut'e'm
424 166 457 191 hx
468 165 546 190 fistulae
564 166 664 200 ejuffiem
679 174 755 196 nature
770 176 823 193 cum
833 171 941 201 exaratis,
958 171 1066 195 corticem

172 203 380 238 compingentibus3
398 202 476 228 iifflem
490 205 553 228 enim
570 211 736 238 componuntur
756 206 858 230 minimis
872 206 991 241 vacuisque
1005 206 1065 232 orbi-

171 240 234 272 culis,
241 242 341 266 invicem
346 240 469 271 hiantibu53
486 243 511 265 δι
519 239 662 266 confimilem
673 240 795 266 admittunt
801 241 897 267 succuma
918 244 959 267 His
966 244 1064 276 accedat,

170 279 207 310 (ut
212 276 269 303 infra
276 276 389 312 patebit,)
406 277 459 302 libri
470 278 607 312 portionem,
620 279 736 303 interiores
746 278 792 312 scil.
807 278 915 305 fibrarum
921 282 1006 306 corticis
1013 290 1064 315 por-

168 313 241 339 tiones
249 335 256 346 ,
273 317 297 339 &
309 315 427 340 involucra
436 335 443 346 ,
455 317 549 349 antiqno
563 314 625 349 ligno
633 315 779 349 agglutinata,
786 324 892 341 truncum
899 325 989 351 augere,
1000 319 1032 343 ita
1039 326 1064 343 ut

169 359 216 376 non
222 352 273 377 raro
280 351 404 386 oblongam
411 354 435 377 &
443 354 597 376 continuatam
602 351 694 384 fibram,
698 360 754 377 mox
759 353 782 377 in
788 352 876 387 lignum
884 352 1064 389 ferruminatam,

168 388 237 423 paulo
252 387 317 421 infra,
332 390 418 422 corticis
431 397 534 414 naturam
549 388 619 413 adhuc
627 389 759 421 servantem,
776 389 988 425 animadverterim5
1005 391 1064 416 unde

169 425 202 450 nil
217 428 318 458 mirum,
333 425 380 450 fiin
393 427 476 451 truncis
484 429 508 450 δι
516 426 585 451 ramis
593 425 699 451 arborum
707 446 714 458 ,
729 426 810 461 quibus
822 428 911 452 corticis
922 429 1004 462 exigua
1011 436 1063 462 pot·
1077 451 1080 453 Α

168 463 200 487 tio
206 462 304 488 denam
311 462 350 494 est,
357 483 364 495 ,
382 461 476 496 fisbjeeta
483 462 556 497 lignea
562 471 613 497 pars
620 465 702 488 cortice
716 463 825 489 destituta.
834 472 951 498 nunquam
957 473 1064 499 augmen·

168 507 218 524 tum
225 497 306 534 capiat,
323 499 359 524 fizd
367 498 560 532 subcrescentibus,
571 500 634 525 velut
647 502 672 525 in
677 500 786 526 ulceribus
792 505 816 526 δι
824 500 961 533 vulneribus,
968 503 1064 526 circum-

168 537 229 565 circa
235 536 313 571 ligneis
318 535 391 569 labiis,
398 546 425 562 ex
430 535 543 572 superstite
547 538 596 570 jam
603 539 695 569 cortice,
704 536 783 563 sensim
789 540 813 563 in
819 539 908 573 lignum
916 538 1062 573 agglutinato,

167 572 279 607 profunda
290 573 454 599 subfitcavitas:
471 576 505 599 Ex
512 582 560 608 quo
567 576 689 609 ,conjectari
700 577 782 610 pariter
788 575 847 607 licet,
856 577 914 600 inter
928 584 1027 600 exaratas
1035 575 1063 600 li-

166 618 233 644 gneas
239 609 306 635 fibras
323 611 453 645 anqstomofim
466 610 609 643 intercedere,
621 613 653 636 ita
661 619 685 636 ut
699 611 783 637 delatus
797 611 870 637 succus
884 613 908 636 in
920 611 1023 638 laterales
1037 616 1062 638 &

167 648 282 681 proximas
293 647 389 673 derIvari
398 648 467 682 *poffit
477 664 483 682 3
500 648 554 673 curn
568 649 630 673 enim
644 648 706 673 certo
714 648 841 683 hujusmodi
849 648 933 681 fistulae,
944 650 1004 673 resta
1016 648 1062 673 sur-

167 684 216 711 firm
223 685 344 720 produstae,
352 686 376 710 in
387 684 446 710 dieta
453 686 540 715 corticis
553 684 657 711 incisione
663 685 795 718 lacerentur,
809 689 833 712 &
840 685 929 711 evidens
935 695 988 710 cum
1000 685 1062 720 supe-
1097 709 1099 711 ,

167 722 263 747 rioribus
274 722 365 747 tollatur
376 723 517 754 continuitas,
526 731 580 747 cum
592 722 663 747 adhuc
677 720 777 747 succedat
790 731 937 757 augmentum
947 742 954 755 ,
969 724 1062 757 vitaque

166 767 282 794 perennet,
298 758 416 784 necessario
429 756 545 783 fatendum
552 759 593 791 est,
604 760 628 783 in
635 761 749 794 contiguas
756 758 892 784 &laterales
906 761 1021 784 exonerari
1028 761 1062 784 in-

143 827 148 830 ·
161 795 257 829 ‘seriores
264 795 338 827 fibras,
346 795 439 830 illastlue
447 795 579 819 detruncatis
587 796 678 820 tandem
692 796 838 830 lupenoribus
850 796 909 821 fibris
919 795 1008 821 succum
1016 796 1063 821 red<

166 833 226 859 dere.
258 834 310 858 Nec
317 841 405 858 novum
411 832 450 865 est,
459 832 512 867 ligni
520 841 667 867 augmentum
674 832 794 858 lateraliter
798 835 869 858 etiam
876 831 1000 865 succedere,
1007 842 1062 867 quo.

165 868 293 904 tiescunque
300 871 376 905 ingens
383 871 452 894 etiam
464 871 589 894 concavitas
599 871 624 894 in
632 870 723 895 caudice
730 871 834 901 occurrit,
847 868 885 894 vel
893 870 958 894 inane
966 868 1062 904 spatium

150 917 152 920 ’
166 908 288 940 excitatur5
304 907 357 931 cum
362 906 496 932 detruncatis
503 908 580 938 ramis,
595 910 695 941 turgente
707 906 803 932 caudicis
811 905 884 938 succo,
896 908 1018 931 exteriores
1037 910 1062 932 δι

167 941 324 968 firbcrescentes
331 943 385 978 ligni
394 943 507 978 paniculffi
514 952 553 977 per
558 942 655 968 modum
662 941 891 974 involucrifiicceffive
898 943 1000 975 obduQ
1006 944 1064 970 adeo

165 979 290 1005 lateraliter
301 980 408 1013 crescant,
429 989 454 1006 ut
467 982 594 1006 cicatricem
604 983 654 1015 jam
671 980 795 1006 detruncati
809 982 867 1006 rami
879 982 1010 1016 cooperiant
1018 1002 1025 1014 ‚
1039 984 1064 1006 δε

167 1019 229 1043 extra
234 1026 335 1043 tumores
348 1017 385 1043 seu
397 1027 467 1050 τοι-ος,
482 1017 544 1052 quasi
550 1018 629 1051 nodos,
638 1021 743 1044 excitent.
776 1020 802 1043 ln
807 1017 850 1043 hoc
859 1020 933 1053 itaque
946 1018 1066 1043 excitando·

166 1056 223 1083 mire
230 1054 286 1079 fiunt
301 1054 408 1080 fibrarum
421 1058 446 1080 &
453 1054 592 1089 reliquorum
603 1054 709 1079 vasorum
724 1054 873 1079 contorsiones
880 1058 904 1079 δι
912 1054 1063 1079 revolutiones

167 1090 311 1125 labyrinthea
322 1100 347 1116 ut
358 1093 445 1120 Nature
458 1089 628 1116 lususvideatur.
661 1090 750 1115 Taliter
762 1090 832 1115 dustae
843 1090 920 1124 ligneae
933 1090 992 1115 fibra:
1001 1089 1064 1115 fircco

167 1127 288 1163 replentur,
294 1129 333 1162 qui
340 1137 368 1153 ex
375 1129 469 1153 Naturae
478 1126 652 1162 legibussurfirm
656 1126 746 1161 pellitur
754 1143 761 1161 3
778 1134 825 1151 non
836 1135 913 1152 tamen
918 1128 1008 1152 interius
1014 1128 1063 1153 val-

167 1165 227 1190 vulae
237 1174 265 1190 ex
272 1173 322 1190 toto
333 1164 475 1190 occludentes
481 1163 598 1196 locannit,
613 1164 668 1189 cum
682 1162 770 1188 surculis
788 1166 814 1189 δι’
828 1163 981 1198 grandioribus
994 1166 1064 1190 etiam

167 1203 244 1233 ramis,
255 1203 318 1236 apice
327 1199 418 1226 inferius
432 1200 527 1225 humato
541 1203 566 1225 δι
573 1200 685 1235 plantate,
700 1200 802 1225 alimenti
809 1202 917 1225 terminus
930 1203 1066 1235 invertatur,

168 1246 280 1273 novaeque
291 1247 388 1273 gemmae
398 1238 483 1263 mutati
489 1237 612 1262 direfflone
618 1246 738 1272 erumpant
746 1253 753 1271 3
769 1245 794 1262 ut
800 1246 843 1271 prae
850 1240 932 1269 caeteris
940 1246 1000 1273 patet
1007 1240 1031 1263 in
1034 1239 1065 1273 fi-

168 1285 200 1308 cu,
214 1278 239 1300 &
252 1276 305 1300 rubo.
338 1276 389 1300 Hoc
407 1283 484 1300 tamen
499 1275 607 1309 perpetuo
625 1276 715 1307 evenit,
727 1274 839 1310 plantatos
854 1274 928 1300 taliter
939 1275 1066 1309 hujufinodi

169 1311 267 1337 surculos
273 1312 348 1337 minus
354 1313 506 1346 provectiores
518 1310 574 1337 fieri.
958 1315 962 1318 '

203 1351 300 1384 Ligneas
313 1348 396 1374 fistulas
408 1356 513 1381 truncum
526 1357 679 1383 componere,
693 1352 716 1374 &
731 1347 908 1373 transversalium
920 1348 1067 1375 utriculorum

170 1382 265 1411 seriebus
280 1385 391 1420 implicari
397 1386 505 1417 vidimus,
518 1385 577 1410 unde
584 1385 638 1420 ligni
651 1385 720 1416 robur
736 1384 868 1410 &alimenti
883 1386 1065 1421 costioindispo-

170 1422 213 1448 fitis
218 1422 311 1448 officinis
317 1421 435 1458 perficitur.
468 1422 624 1447 Utriculorum
636 1424 704 1457 igitur
715 1421 804 1447 ordines
811 1422 915 1447 ovalibus
922 1424 1020 1448 invicem
1032 1424 1065 1448 hi-

171 1459 259 1485 antibus
264 1459 392 1495 corporibus
400 1461 596 1494 compaginantur,
606 1459 666 1484 unde
674 1463 810 1485 &contento
821 1458 884 1484 fircco
890 1468 987 1494 turgent,
1001 1463 1024 1485 &
1031 1461 1064 1486 di-

171 1496 236 1522 verso
242 1495 367 1522 inficiuntur
371 1496 456 1522 colore.
591 1501 594 1506 ¹
776 1518 779 1520 ,
847 1517 850 1518 ⁷

204 1534 335 1568 Ampliores,
351 1530 407 1559 fiunt
420 1531 510 1558 utriculi
526 1537 550 1559 &
558 1532 698 1564 tumidiores,
712 1531 830 1558 &fortasse
837 1535 906 1558 etiam
921 1530 1022 1567 ipsorum
1028 1542 1065 1558 or-

171 1568 233 1597 dines
247 1568 425 1605 multiplicantur
431 1570 456 1595 in
466 1570 536 1600 reciso
548 1578 627 1595 trunco
635 1590 642 1601 ,
658 1569 769 1604 superstite
783 1569 854 1594 adhuc
866 1569 948 1602 radice,
963 1570 1063 1595 modico-

171 1616 218 1642 que
223 1607 319 1633 caudicis
325 1623 332 1640 ,-
348 1606 391 1633 hoc
399 1607 444 1643 prae
451 1609 534 1633 caeteris
546 1609 569 1632 in
579 1616 648 1641 quercu
661 1610 685 1632 &
692 1607 757 1632 robore
762 1608 797 1633 '26
803 1609 939 1642 experimur,
953 1609 1014 1641 cujus
1026 1617 1065 1633 ve-
1071 1615 1135 1640 Tu,
1145 1625 1168 1645 7„

149 1661 152 1664 ·
171 1646 264 1679 getantis
271 1645 344 1670 adhuc
357 1644 455 1670 caudicis
465 1643 583 1669 frustulum
599 1644 669 1678 talem
675 1644 765 1669 exhibet
772 1643 868 1679 speciem
877 1653 883 1668 t
901 1643 991 1670 Sursum
1001 1644 1063 1670 elon.

171 1683 219 1717 gati
232 1680 340 1707 fibrarum
353 1680 451 1707 fasciculi
463 1684 491 1708 A
499 1679 594 1707 diversas
607 1690 669 1707 areas
680 1681 812 1714 efformanr,
824 1690 921 1716 quarum
935 1680 1063 1712 consuetam

172 1718 261 1745 servant
272 1719 455 1754 magnitudinem
468 1719 488 1744 Β
497 1740 504 1751 ,
514 1716 605 1753 reliqua:
616 1719 673 1744 vero
681 1739 688 1751 ,
699 1719 759 1744 varie
770 1718 908 1754 turgentibus
921 1719 1021 1745 utriculis
1033 1721 1050 1744 C
1055 1735 1067 1751 ,v

171 1756 251 1782 laxatae
263 1758 288 1781 in
294 1758 409 1792 ingentem
415 1756 561 1791 extenduntur
569 1755 720 1789 latitudinem,
735 1757 766 1781 ita
772 1764 796 1781 ut
809 1756 958 1782 monstrosam
967 1754 1014 1781 fer&
1025 1765 1061 1782 ac-

171 1791 375 1827 quitantformam.
407 1793 549 1829 Singulorum
563 1792 713 1819 utriculorum
724 1793 777 1819 licet
782 1802 827 1820 non
835 1803 885 1819 ,una
891 1792 918 1819 fit
925 1792 1007 1825 forma,
1021 1791 1062 1819 fre-

957 1828 1064 1864 quentiiis'
