1319 2048
167 116 199 145 30
464 98 684 130 MARCELLI
705 98 942 129 MALMGHH

251 165 339 196 Planxis,
345 162 426 188 eadem
432 160 595 192 munificentiis,
603 159 764 194 quotidianum
771 159 882 193 contingit
894 167 939 184 non
947 166 1038 185 tantum
1045 168 1157 195 augmen-

252 209 311 233 tum,
318 208 397 225 trunco
408 201 433 224 &
443 199 511 223 ramis
523 196 699 232 supercrescente
711 196 789 231 ligneo
803 195 938 231 involuc103
956 197 993 222 sed
1001 197 1015 222 a
1024 199 1112 223 tenellis
1120 209 1155 226 ra-

252 240 295 263 mis
303 238 357 263 novi
373 235 459 270 fingulo
471 244 533 260 anno
539 243 662 270 erumpunt
680 233 773 265 surculi,
785 241 884 268 quorum
902 235 1049 269 anticipatum
1065 237 1155 263 inchoa-

252 282 366 305 mentum,
382 271 444 307 quasi
451 272 570 307 peculiaris
577 270 641 298 foetus
647 271 823 305 dicitur,gemma‚
829 269 865 296 seu
872 272 944 296 oculus.
977 273 1051 305 Hujus
1060 273 1155 300 structu-

252 320 303 335 ram
309 310 406 346 superius
412 309 555 335 lustravimus
569 311 592 334 in
600 308 702 344 pluribus
713 308 868 342 vegetandum
879 307 1005 342 generibus,
1017 318 1116 345 eamque
1122 321 1155 337 te-

250 347 313 373 nello
320 351 345 373 &
356 349 455 373 minimo
466 346 560 379 fiirculo,
572 347 585 371 a
592 355 640 381 quo
653 346 704 370 hinc
720 344 773 370 inde
781 345 836 370 folia
849 344 988 379 squamatim
998 346 1070 373 locata
1080 357 1155 375 emm-

251 393 316 419 punt,
328 386 432 419 integrari
439 384 544 418 vidmusi
561 383 621 409 unde
634 381 716 408 foemm
729 382 761 407 sui
767 383 854 417 generis
859 381 911 414 effe,
925 382 1056 410 inchoatum
1057 385 1103 419 scil,
1109 385 1154 412 sur.

250 422 329 447 culum
336 423 367 446 ita
374 421 519 453 custoditum,
526 430 551 447 ut
560 420 617 445 stato
625 429 730 455 tempore
741 419 852 445 adolescat
858 440 866 451 ,
876 428 954 454 >partes
960 422 1117 456 extendantur,
1129 428 1154 450 ει

251 467 313 483 nova
319 460 481 492 progerminet.
505 460 534 483 Et
542 457 595 483 sicut
609 459 633 482 in
645 459 712 482 Eruca
719 458 818 492 partium
833 457 975 492 quarundam
982 457 1156 495 delineamenta,

252 495 410 528 adhuc'fluida,
422 495 512 520 sacculis
522 503 628 520 contenta
640 494 680 519 diu
686 502 771 528 jacent,
782 493 853 519 donec
861 494 1019 528 intercedente,
1032 495 1072 521 sub
1079 500 1156 524 aurelia

249 530 332 565 forma,
346 535 430 568 quiete,
437 531 590 558 manifestiora
598 535 624 557 δι
635 531 741 557 solidiora
752 540 881 566 emergant3
899 533 930 557 ita
937 535 987 558 rami
992 542 1066 567 partes
1073 537 1096 560 in
1108 538 1155 571 pri.

248 570 351 602 mordiis,
367 578 473 604 gemmae,
489 569 696 604 quaficompendio
706 569 817 604 quodam,
829 568 915 603 inlunt3
934 572 958 594 δι
967 578 1006 604 per
1019 580 1106 597 annum
1122 575 1155 599 ita

250 606 347 632 conditae
360 606 455 639 latitant,
469 606 549 638 donec,
563 607 682 632 accedente
689 616 751 639 vere,
759 606 837 632 laxatis
842 607 886 631 viis
899 606 1022 640 ampliores
1029 608 1119 634 reddita:
1131 613 1154 636 in

250 644 329 669 fiuculi
338 644 434 679 speciem
440 644 595 670 extendantur.
630 647 709 677 Qare
717 643 781 676 folia,
788 652 839 678 qux
846 641 944 678 perfeeto
953 642 1040 670 surculo
1051 645 1155 674 insti-vire

249 680 340 713 debent,
345 689 494 716 temporanea
503 681 560 713 sunt,
573 681 611 707 vel
624 682 648 706 in
655 681 755 706 alienam
761 680 898 715 degenerant
905 679 1014 713 formam,
1019 690 1044 707 ut
1052 681 1097 708 fisse
1103 693 1155 718 per-

249 718 359 744 currendo
371 728 517 753 gemmarum
536 726 657 753 augmenta
674 718 832 743 indicavimus.
866 720 926 750 Qae
942 719 1006 742 enim
1019 722 1155 747 exteriorem

248 763 396 788 gemmarum
404 757 524 790 regionem
537 763 621 787 tenent,
636 763 685 780 non
699 756 789 780 tantum
805 753 947 780 interioribus
959 758 984 780 δι
997 756 1104 782 conclusis
1117 768 1156 784 cu.

249 790 346 817 stodiam
352 802 447 827 parant3
463 791 501 818 sed
509 800 626 817 contentus
632 792 734 827 ipsorum
750 792 936 826 reliquorumque
942 790 1018 817 succus
1026 795 1049 818 in
1059 797 1156 830 propriis

249 829 347 855 utriculis
359 831 500 864 excoquitur,
514 833 539 854 δι
546 829 613 863 longa
621 829 660 854 illa
673 830 750 863 quiete
761 828 877 863 digeritur,
888 828 962 853 donec
973 829 1083 856 exaltatus
1094 833 1155 866 sper-

247 867 334 890 matico
342 865 383 891 illo
389 865 474 901 spiritu,
481 875 525 902 ope
531 866 652 891 ambientis
660 867 717 891 aeris
724 867 749 890 in
755 874 853 900 gemme
860 866 971 898 carinam,
986 866 1098 894 surculum
1107 870 1155 902 scil,

247 902 357 928 tenellum
364 904 490 937 revehatur,
498 913 523 930 ut
530 904 663 929 ulteriorem
669 903 779 929 soliorum
787 904 958 938 vegetationem
971 905 1052 929 excitet
1062 914 1068 929 :
1077 923 1078 926 η
1087 906 1155 932 Unde

245 938 372 974 hujusmodi
387 951 534 977 gemmarum
545 941 601 968 folia
613 951 661 967 non
667 943 759 966 unicam
773 941 894 972 costulam,
906 948 932 965 ut
938 942 963 964 in
969 940 1083 967 stabilibus
1096 942 1155 969 foliis

244 975 291 1002 fere
297 977 385 1014 semper
391 981 511 1012 miramur,
518 988 561 1014 pet
572 978 676 1004 medium
688 979 823 1014 productam
829 977 939 1013 poffident
946 997 953 1010 ‚
970 975 1006 1003 sed
1012 980 1153 1015 multiplicet

243 1010 368 1048 fasciculi‚5
375 1015 421 1041 bafi
429 1015 571 1052 affingentes,
577 1018 603 1041 in
610 1017 714 1051 proprios
719 1013 828 1051 appensos
841 1015 948 1041 utriculos
953 1015 1064 1042 defluunt.
1089 1016 1153 1044 Co'n-

244 1049 359 1076 tabescunt
378 1053 496 1087 postremo
511 1052 590 1077 foliola
603 1052 649 1077 haec
663 1061 825 1087 gemmarum,
838 1052 897 1076 dum
910 1053 1003 1086 gemina
1014 1054 1054 1077 uni
1068 1054 1154 1080 adstant

244 1086 317 1113 stabili
331 1087 395 1122 folio,
408 1089 515 1115 exhausto
521 1092 571 1124 jam
577 1091 689 1115 concoCko
703 1089 814 1123 humore3
832 1092 857 1114 δι
865 1089 959 1115 tandem
971 1089 1101 1125 concidunt,
1114 1093 1152 1118 vel

244 1125 410 1159 gracilescendo
419 1128 442 1151 in
451 1124 535 1161 podioli
543 1124 645 1152 formam
653 1125 809 1152 abfiimuntut.

279 1164 373 1188 Naturae
380 1165 463 1198 pariter
470 1164 590 1189 methodus
604 1166 628 1189 in
640 1164 791 1198 producendis
798 1164 906 1197 stabilibus
918 1162 978 1188 foliis
992 1165 1102 1191 mirabilis
1114 1167 1154 1198 est¹

245 1200 325 1225 Primo
331 1201 392 1226 enim
400 1200 484 1226 costula
490 1200 528 1225 seu
535 1200 646 1235 pedioluS‚
658 1202 739 1226 carinae
746 1199 823 1231 instar,
839 1199 936 1224 humore
948 1201 1046 1235 turgidus
1052 1211 1105 1235 cum
1112 1213 1153 1238 ap-

246 1236 315 1270 penfis
322 1236 408 1263 fibtulis
416 1236 571 1263 manifestatur
577 1258 584 1270 ‚
597 1238 610 1262 ὲ
618 1236 701 1272 quibus
711 1236 861 1272 probabiliter
873 1237 1013 1262 sacculorum
1027 1238 1065 1264 seu
1071 1241 1152 1266 utricu-

245 1273 322 1298 lorum
328 1273 508 1299 transversalium
520 1274 685 1300 membranulae
697 1274 796 1309 pendent
803 1289 810 1305 3
827 1275 886 1305 utin
897 1274 1034 1300 animalium
1039 1278 1151 1310 primaeva

244 1308 394 1336 delineatione
408 1311 545 1337 observatur.
578 1314 662 1338 Patent
673 1320 751 1337 autem
768 1311 865 1337 deducto
876 1321 939 1337 novo
950 1312 1075 1346 alimento,
1097 1318 1151 1350 quia

242 1347 379 1382 complicata
388 1348 528 1375 sacculorum
534 1350 614 1382 moles,
620 1349 760 1376 subintrante
766 1349 840 1382 flacco,
846 1357 929 1385 turget,
943 1353 968 1375 δι
978 1351 1010 1375 ita
1017 1349 1067 1377 folii
1075 1351 1150 1379 latitu-

242 1383 322 1409 dinem
330 1385 478 1413 &laxitatem
485 1387 599 1413 conciliat.
859 1411 861 1413 ,
1135 1391 1137 1393 ’

276 1424 430 1449 Gemmarum
442 1426 570 1459 eruptiones
576 1424 637 1450 statis
649 1423 705 1449 locis
719 1423 892 1459 &temporibus
907 1423 1024 1450 succedunt
1033 1445 1040 1457 ,
1058 1426 1096 1451 ubi
1105 1427 1149 1462 scil,

244 1467 331 1494 turgens
337 1459 412 1485 succus
425 1461 491 1496 copia
507 1464 644 1487 &contento
651 1460 728 1495 spiritu
741 1460 825 1486 fistulas
833 1461 863 1486 ad
871 1461 943 1487 latera
953 1470 1039 1494 curvat,
1053 1465 1078 1488 &
1085 1471 1148 1492 extra

244 1496 356 1525 derivatur
365 1506 371 1522 ε
388 1497 456 1523 Unde
461 1497 489 1523 de
495 1507 559 1523 novo
563 1499 683 1533 geminatis
690 1497 770 1532 ligneis
777 1497 847 1530 fibris,
860 1498 954 1524 :rubeis
966 1500 990 1523 δι
996 1499 1090 1524 extensae
1098 1509 1148 1525 me-

245 1533 312 1558 dullae
325 1542 402 1559 cortex
407 1534 496 1560 additur
504 1556 511 1567 ,
527 1535 541 1559 a
553 1544 601 1570 quo
608 1535 700 1570 copiosa
709 1533 789 1560 foliola
804 1535 948 1569 erumpentia
962 1536 985 1559 in
993 1544 1090 1570 gemmae
1097 1546 1148 1562 cor-

244 1570 361 1604 pusculum
376 1571 549 1606 conglobantur.
584 1574 665 1605 Qare
678 1573 702 1597 in
711 1572 808 1597 novellis
822 1574 900 1605 tamn,
910 1575 934 1597 δι
943 1581 1024 1607 parum
1037 1573 1148 1608 elongatis

244 1610 342 1641 gemmis
351 1629 358 1641 ,
373 1617 439 1633 novae
451 1610 532 1643 pariter
540 1617 659 1644 emergunt
670 1618 775 1644 gemmae,
789 1609 856 1635 molli
869 1609 963 1635 cedente
977 1608 1087 1635 fibrarum
1092 1611 1146 1638 stru.

245 1645 306 1669 &ura
314 1666 321 1677 ,
338 1647 491 1680 &vegetantis
498 1645 584 1680 spiritus
597 1648 685 1680 impetu
692 1654 796 1681 urgente3
814 1648 869 1681 quin
878 1650 902 1673 δι
909 1646 1009 1671 multum
1016 1647 1073 1673 intra
1081 1647 1145 1673 luxu-

248 1682 306 1706 rians
320 1681 393 1707 succus
405 1691 470 1708 extra
480 1682 537 1707 stata
545 1691 657 1717 tempora,
671 1686 696 1709 δι
704 1685 828 1718 eruptionis
840 1683 891 1708 litus
903 1683 1033 1718 frequentet
1043 1694 1146 1720 gemmas

249 1721 346 1745 excitat*-
364 1722 400 1745 Sic
408 1723 431 1746 in
437 1721 571 1746 detruncatis
584 1723 663 1753 ramis,
677 1721 715 1747 vel
721 1721 812 1747 caudice
819 1721 874 1757 ipso,
882 1724 913 1747 ita
920 1730 946 1747 ut
959 1724 1064 1757 exiguum
1072 1727 1144 1750 trunci

214 1762 216 1764 ’
248 1758 262 1781 a
270 1757 343 1783 radice
348 1757 450 1792 affurgat,
456 1757 591 1793 multiplices
597 1767 686 1793 gemme
692 1768 820 1794 erumpunt,
836 1767 879 1794 que
887 1760 911 1783 in
918 1760 1002 1793 stolones
1010 1758 1145 1786 adolestunt.

249 1794 317 1829 Apud
323 1794 431 1820 nostrates
436 1802 487 1819 mos
492 1793 533 1826 est,
542 1803 567 1820 ut
579 1795 682 1822 rosarum
696 1794 783 1821 frutices
796 1794 846 1831 post
857 1795 942 1820 florum
954 1796 1098 1829 eruptionem
1105 1794 1143 1819 ab-

1009 1831 1144 1864 scindantur,
