1319 2048
187 113 218 134 22

447 101 676 138 MARcr-:LLI-
706 99 949 131 ΜΛιΡισι-ιῐῐ

267 168 392 203 plurimum
406 174 482 190 tamen
497 163 534 189 ubi
551 163 605 188 nodi
618 164 751 188 excitantur.
784 163 870 188 Trunci
884 164 951 188 unico
962 163 1038 198 ligneo
1050 164 1168 190 involucro

268 205 367 229 contenti
375 203 423 228 sunt
430 223 438 235 ,
456 205 479 227 &
487 201 602 236 reliquum
608 199 709 225 medulla
716 208 790 225 tenete
796 199 859 232 solet,
871 200 908 225 vel
916 200 1002 233 saltem,
1018 202 1065 236 ipsa
1072 201 1167 240 absente,

267 251 366 267 vacuum
372 240 511 275 relinquitur.
544 240 631 265 Caulium
642 240 726 273 pariter
737 247 858 273 compages
864 241 928 264 vatia
936 239 967 264 est
975 255 982 274 3
1000 248 1055 264 nam
1060 240 1166 275 plaerum.

267 286 312 312 que
319 277 406 312 dispersi
412 286 451 312 per
458 276 584 301 medullam
594 275 693 301 fasciculi
707 275 790 307 fibrofi,
803 275 932 309 cylindrum
946 276 1078 312 efformant3
1095 287 1166 312 quan.

267 315 343 349 doque
349 314 444 340 tubulofi
450 314 508 346 sunt,
524 317 549 339 δι
556 323 602 338 non
615 313 665 338 raro
673 312 793 348 multiplex
804 314 896 349 occurrit
901 315 1012 348 vacuitas3
1030 314 1090 340 unde
1108 314 1166 350 ipso-

268 348 318 377 rum
331 352 472 387 segmentum
489 350 629 376 horizontale
647 359 691 376 rete
698 350 803 375 delineat.
835 350 945 375 Caulium
952 353 976 375 &
983 351 1102 377 caudicum
1109 362 1166 387 quo-

267 398 311 424 que
317 392 379 415 varia
386 391 483 415 eitterior
496 389 528 414 est
535 388 618 421 forma,
630 397 681 423 quae
691 388 756 413 nudis
770 387 840 412 oculis
853 396 929 423 patet3
948 388 1025 413 &haec
1038 391 1050 414 a
1058 389 1166 416 fibrarum

267 430 331 452 vario
339 427 471 462 dustu‚quae
484 428 507 451 in
514 424 568 451 folia
576 430 600 452 &
607 434 683 451 ramos
696 425 824 451 derivantur
831 445 838 456 ,
851 433 958 451 exortum
971 426 1043 451 trahit.
1077 429 1141 454 Hanc
1149 429 1165 454 fi

267 463 371 498 fignatim
377 464 490 490 recensere
500 463 595 496 vellem,
614 463 743 499 plantatum
749 464 860 498 integram
868 462 985 489 historiam
992 472 1110 490 contexere
1116 474 1165 491 ten-

225 530 227 532 *
267 508 346 526 tarems

146 1240 210 1264 TAB.
219 1248 243 1271 9.

582 637 635 669 De
656 636 849 671 Gentius.-

343 717 486 754 Egetantium
502 728 569 755 genus
576 739 583 750 ‚
597 727 622 743 ut
637 719 739 745 debitam
755 718 936 754 magnitudinem
953 717 1055 743 sortiatur
1063 739 1071 751 ,
1086 722 1111 744 &
1123 717 1165 744 suae

288 719 315 789 ι
360 756 504 782 mortalitatis
516 759 627 790 jaehiram
641 756 755 782 succeffivfi
771 756 839 791 prolis
855 755 975 781 edue'tione
987 764 1074 790 reparet
1080 777 1088 788 ,
1105 756 1165 782 statis

264 791 405 828 temporibus
418 803 490 819 novas
501 796 587 828 promit
595 801 668 827 partes
676 814 683 825 ‚
700 802 725 818 ut
737 793 830 818 tandem
843 801 981 827 emergentes
993 795 1052 825 uteri,
1067 802 1165 820 recentes

264 831 415 865 edantfhboles.
439 833 576 856 Emanantes
583 831 648 865 igimr
658 830 751 862 acaule,
767 830 866 862 caudice,
874 832 955 862 ramis,
969 833 994 856 δι
1006 829 1115 856 radicibus
1122 841 1163 858 no-

265 867 329 893 vellae
343 866 470 902 hujusmodi
477 876 559 902 partes,
575 876 622 891 non
637 866 701 892 illico
715 867 793 893 laxata:
801 867 962 899 extenduntur,
979 866 1013 891 sed
1025 868 1164 902 compendio

265 905 369 939 quodam
383 913 544 940 coagmentatae
557 905 614 929 intra
624 903 675 929 'folii
693 904 787 929 axillam
805 904 927 937 cubantes,
942 913 989 930 non
1003 913 1085 938 parum
1096 904 1164 930 subfi-

265 941 330 968 stunt.
365 944 448 967 Gemmae
455 951 531 967 autem
545 940 695 975 appellantur,
707 941 805 976 eoquod
819 941 973 975 lacrymarum
986 940 1054 966 instar
1068 941 1164 977 conglo-

257 978 358 1013 *bentur3
376 979 501 1014 frequentet
513 980 584 1004 etiam
591 980 638 1004 oculi
645 980 780 1005 vocitantur.
815 980 897 1003 Gemnu
907 979 983 1013 itaque
994 978 1044 1005 sunt
1050 979 1121 1005 veluti
1129 981 1164 1005 in-

263 1012 311 1040 fans
317 1016 353 1041 stu
359 1014 424 1041 foetus
430 1018 460 1041 ita
466 1015 594 1047 custoditus,
600 1024 626 1041 ut
632 1015 672 1041 suo
679 1023 783 1050 tempore
788 1017 871 1047 austus,
877 1017 902 1040 in
911 1014 1025 1040 surculum
1031 1015 1164 1049 excrescens,

261 1053 354 1078 tandem
362 1061 399 1079 ova
406 1060 503 1088 promat.
520 1054 562 1078 Hae
567 1052 646 1078 nostris
652 1051 710 1078 hilce
716 1052 843 1087 regionibus
849 1051 968 1084 circaJunii
974 1051 1076 1077 mensem
1085 1062 1163 1078 erum-

259 1098 317 1124 punt
324 1092 337 1115 a
344 1089 428 1115 tenello
436 1089 522 1116 surculo
536 1098 592 1114 mox
599 1091 741 1124 germinante
748 1110 756 1122 ,
772 1093 796 1115 &
807 1092 838 1115 ita
854 1089 974 1121 custoditae,
987 1089 1079 1115 tandem
1088 1088 1164 1115 fiaturo

260 1136 313 1151 vete
320 1130 458 1161 aperiuntur,
464 1130 488 1152 δι
496 1126 628 1152 adolestunt.
636 1127 732 1162 Speciali
741 1136 851 1162 compage
858 1127 961 1153 constant
962 1136 1043 1162 gemma
1048 1128 1091 1152 hoc
1097 1130 1162 1162 quie-

260 1165 288 1188 tis
297 1163 417 1189 intervallo
424 1180 431 1195 ‚-
449 1162 543 1197 suntque
548 1163 620 1188 veluti
628 1163 699 1188 infans
707 1164 829 1196 involutus,
842 1163 879 1188 seu
888 1173 962 1194 eruca,
969 1166 993 1188 in
1000 1173 1046 1197 qua
1052 1173 1161 1198 compen-

260 1200 301 1225 dio
305 1201 406 1236 quodam
413 1200 487 1225 insunt
492 1199 570 1225 ultimi
577 1199 630 1224 senii
640 1198 717 1225 fiaturx
723 1208 805 1234 partes.

293 1237 469 1272 simplicioribus
477 1236 572 1262 lustratis
581 1246 703 1271 gemmarum
710 1234 797 1268 formis,
810 1235 938 1271 infigniores
952 1237 1100 1262 exarabimus.
1135 1240 1161 1264 In

255 1275 347 1300 arundine
355 1276 441 1310 vulgari,
448 1273 549 1309 oblonga
561 1275 647 1300 eminet
658 1283 752 1309 gemma
761 1284 791 1309 39
804 1277 831 1306 A,
843 1272 949 1308 esmgulo
961 1274 1022 1299 nodo
1029 1272 1093 1309 supra
1102 1279 1159 1302 anti-

255 1314 296 1346 qui
309 1311 359 1337 folii
375 1312 519 1338 insertionem
537 1312 558 1336 Β
571 1321 702 1347 emergens,
719 1311 805 1337 mitrali
818 1310 920 1336 constans
926 1310 999 1336 forma
1011 1312 1113 1337 multum
1120 1312 1159 1338 de-

256 1348 339 1383 pressa,
355 1352 452 1384 geminis
465 1351 573 1374 excitatur
581 1348 648 1381 foliis²
661 1358 759 1384 quorum
774 1348 927 1384 peripheriam
933 1348 1096 1383 piliC,sursum
1101 1349 1159 1375 dire-v

256 1388 295 1419 eti,
303 1385 368 1421 crispi
376 1390 400 1412 δι
407 1387 506 1419 candidi,
512 1395 595 1411 ornant
603 1403 608 1420 3
627 1388 686 1411 Intus
693 1386 800 1421 angulare
807 1395 887 1421 corpus
895 1387 926 1418 D,
933 1385 1040 1411 viridibus
1047 1384 1158 1419 foliiglele

254 1425 354 1449 invicem
360 1424 511 1450 ambientibus
518 1433 630 1458 caeparum
637 1432 710 1455 more⁷
717 1425 840 1449 excitatum
847 1423 976 1449 custoditur.

289 1463 314 1486 In
321 1463 361 1487 olea
367 1464 451 1497 paritet
457 1470 602 1497 gemmarum
607 1460 690 1495 species
697 1460 855 1495 simpliciffima
863 1460 971 1495 est3unico
979 1462 1041 1485 enim
1047 1459 1157 1487 foliorum

256 1500 333 1524 ordine
342 1509 375 1532 40
381 1502 400 1526 A
410 1499 504 1531 constat,
517 1500 625 1524 contentis
631 1500 690 1524 intus
703 1498 827 1524 minoribus
838 1496 922 1523 foliolis
930 1498 960 1532 Ἐς
977 1497 1063 1533 lingula
1070 1497 1157 1533 lanugi-

254 1545 283 1561 ne
289 1536 327 1561 seu
334 1538 425 1562 cinereis
433 1536 485 1571 pilis
492 1535 608 1571 fiingistiue
613 1537 781 1570 cooperiuntur.

288 1574 375 1599 Eadem
383 1573 428 1599 fere
434 1574 541 1599 structura
547 1575 570 1598 in
576 1573 698 1606 hethaeis,
704 1576 729 1598 &
734 1573 844 1608 praecipue
851 1575 875 1598 in
881 1574 933 1598 viola
944 1575 1016 1598 martia
1019 1579 1117 1606 purpurea
1122 1582 1151 1605 4¹

256 1612 417 1646 conspicitur,a
425 1614 486 1646 cujus
493 1612 576 1643 radice,
591 1610 628 1637 seu
636 1611 722 1646 sepulto
734 1611 848 1636 cauliculo
854 1614 881 1643 A,
890 1620 968 1645 gemma
978 1610 1076 1646 assurgit,
1082 1613 1154 1645 gemi-

217 1651 222 1653 '
257 1650 291 1673 nis
299 1658 404 1684 cooperta
410 1649 494 1675 foliisss
504 1665 510 1683 3
528 1648 616 1683 reliqua
628 1651 686 1673 intus
694 1648 856 1681 custodiuntur,
863 1651 887 1674 &
894 1655 992 1683 turgent,
1003 1656 1027 1673 ut
1033 1647 1155 1683 pinilbtme

256 1687 360 1713 reddatur
370 1698 455 1723 corpus.

290 1727 384 1750 Austiot
391 1735 483 1760 gemma
489 1727 587 1751 occurrit
592 1725 670 1760 paffim
678 1726 702 1749 in
709 1724 831 1757 arboribus,
847 1728 871 1750 &
878 1724 961 1749 arbutis
969 1741 975 1759 i
991 1734 1016 1750 ut
1023 1725 1047 1748 in
1052 1726 1099 1755 vite,
1113 1725 1154 1748 lau.

215 1762 217 1764 ’
257 1773 287 1794 ro,
291 1763 341 1797 ficu,
348 1763 403 1795 rubo,
410 1763 512 1799 fizmbuco,
523 1773 582 1795 mero,
590 1766 614 1788 δι
622 1773 670 1788 nuce
680 1771 720 1795 42.
754 1764 809 1787 Haec
817 1762 830 1787 a
836 1761 920 1788 tenello
934 1761 1154 1795 surculermergit,

258 1801 320 1835 fiipra
332 1801 415 1836 delapsi
429 1799 477 1826 folii
483 1800 576 1835 vestigia
582 1801 612 1833 Β,
626 1803 650 1825 &
657 1799 756 1834 pluribus
762 1798 869 1825 foliorum
883 1798 1021 1824 ordinibusc
1032 1797 1153 1860 rubigilnoli

488 1861 492 1863 ,
1071 1845 1100 1861 co
1109 1842 1153 1860 ons
